2658 4468
325 312 464 363 ORATIO
487 312 558 363 PRO
578 314 610 364 Τ.
632 312 748 364 ANNIO
770 314 921 365 ultoris.
1120 316 1177 376 115

169 458 237 518 Nec
251 455 318 516 verb
333 458 377 515 sic
391 466 454 515 erat
467 477 595 532 uuquam
608 477 666 516 non
679 470 796 534 paratus
816 459 890 517 Milo
910 468 1011 517 contra
1031 460 1123 531 illum,

132 549 166 597 ut
185 558 243 597 non
263 538 332 595 satis
346 536 406 594 ferd
422 546 498 595 esset
510 547 634 614 paratus.
677 540 796 615 Semper
810 538 869 609 ille,
884 549 913 596 et
926 550 1066 613 quantum
1080 540 1123 597 in·

133 628 253 676 teresset
276 617 307 675 P.
331 617 438 686 Clodii,
461 636 492 673 se
514 617 618 692 perire,
639 627 669 674 et
696 628 803 691 quanto
829 618 871 674 illi
894 619 961 675 odio
987 633 1073 690 esset,
1094 628 1124 676 et

135 707 272 773 quantum
290 696 338 754 ille
362 697 490 766 auderet,
505 697 658 771 cogitabat.
699 696 898 757 Quamobrem
921 698 1008 754 vitam
1030 717 1123 769 suam,

135 795 219 852 quam
239 776 373 832 maximis
391 775 517 851 praemiis
529 775 701 850 propositam
714 786 744 832 et
756 774 830 852 pene
843 776 988 833 addictam
1002 776 1123 849 sciebat,
1159 784 1178 838 5

103 846 107 857 ’
134 873 282 929 nunquam
296 855 326 910 in
343 855 505 930 periculum
525 855 588 910 sine
607 855 740 929 presidio
759 864 789 911 et
808 855 871 912 sine
891 856 1023 913 custodia
1042 856 1125 932 proji-

134 935 238 993 ciebat.
280 934 366 1007 Adde
386 952 482 1004 casus,
503 933 577 990 adde
598 933 724 990 incertos
743 934 836 990 exitus
856 953 1028 1010 pugnarum,
1047 934 1125 993 Mar·

133 1025 250 1088 temque
264 1031 446 1071 communem
458 1034 465 1081 3
486 1013 535 1087 qui
550 1031 625 1088 saepe
636 1011 806 1087 spoliantem
818 1013 878 1088 jam
892 1022 921 1069 et
935 1014 1124 1070 exsultantem

135 1093 247 1164 evertit,
261 1102 291 1149 et
311 1091 434 1167 perculit
448 1092 484 1149 ab
499 1091 620 1166 abjecto.
663 1092 749 1148 Adde
771 1092 915 1148 inscitiam
935 1093 1042 1168 pransi,
1056 1093 1124 1168 poti,

135 1172 285 1230 oscitantis
298 1170 391 1240 ducier,
403 1171 462 1244 qui,
472 1169 540 1227 clun
552 1189 571 1227 a
582 1180 663 1246 tergo
674 1171 783 1228 hostem
796 1171 983 1228 interclusum
998 1172 1126 1247 reliquis·
1145 1176 1179 1230 10

136 1261 188 1322 set,
203 1250 275 1309 nihil
296 1251 333 1307 de
353 1249 415 1324 ejus
435 1249 570 1307 extremis
591 1249 744 1306 comitibus
764 1250 916 1326 cogitavit3
938 1250 968 1308 in
989 1269 1069 1325 quos,
1084 1252 1126 1309 iu·

135 1350 238 1388 censos
252 1329 304 1400 ira,
320 1329 465 1403 vitamque
478 1328 587 1386 domini
606 1328 799 1404 desperantes,
814 1326 882 1386 cum
897 1329 1055 1401 incidisset,
1071 1332 1127 1388 hre-

135 1410 215 1467 sitin
230 1408 382 1484 iispoeniS,
397 1427 469 1482 quas
490 1408 526 1465 ab
547 1427 581 1464 eo
601 1407 675 1463 servi
696 1407 795 1464 fideles
814 1428 865 1484 pro
885 1409 993 1467 domiui
1006 1410 1065 1466 vita
1079 1429 1126 1467 ex·

135 1489 305 1565 petiverunt.
347 1487 408 1545 Cur
431 1487 518 1563 igitur
536 1506 586 1544 eos
607 1487 794 1543 manumisitl
827 1486 988 1558 Metuebat,
1003 1490 1126 1560 scilicet,

136 1568 363 1635 neindicareut;
385 1586 423 1624 ne
433 1566 560 1623 dolorem
570 1565 695 1641 perferre
706 1585 763 1623 non
771 1577 902 1641 possent3
923 1586 961 1624 ne
976 1568 1126 1625 tormentis
1147 1561 1180 1615 15

138 1656 318 1722 cogerentur,
332 1646 464 1703 occisum
486 1664 549 1701 esse
572 1664 589 1702 a
610 1644 699 1701 servis
721 1644 840 1701 Milonis
862 1646 892 1703 in
915 1646 1010 1721 Appia
1028 1647 1074 1703 vit
1093 1646 1125 1704 P.

139 1726 283 1795 Clodium,
310 1724 450 1783 confiteri.
491 1723 575 1785 Quid
602 1742 673 1799 opus
693 1734 737 1781 est
756 1727 883 1782 tortorel
913 1725 982 1800 quid
1002 1726 1126 1801 quaerisl

139 1804 335 1861 occideritnel
356 1803 473 1861 occidit.
514 1803 596 1873 Jure,
613 1822 649 1860 an
670 1803 795 1878 injuribl
822 1803 894 1860 nihil
916 1804 953 1860 ad
972 1814 1126 1862 tortorem:

144 1882 211 1938 lacti
225 1883 302 1939 enim
316 1883 346 1939 in
359 1883 481 1956 equuleo
494 1882 614 1957 questio
626 1892 680 1952 est,
692 1883 764 1958 juris
778 1883 808 1940 iu
819 1883 939 1958 judicio.

182 1960 287 2017 XXII.
319 1960 407 2021 Quod
428 1961 514 2036 igitur
536 1961 566 2018 iu
587 1961 676 2018 causi
696 1963 882 2037 quarendum
896 1971 949 2033 est,
964 1963 994 2020 id
1009 1980 1128 2039 agamus
1146 1964 1183 2018 20

144 2037 210 2096 hic:
232 2039 306 2113 quod
330 2040 473 2096 tormentis
495 2040 625 2097 invenire
647 2040 698 2111 vis,
721 2040 750 2097 id
773 2042 903 2099 fatemur.
945 2041 1038 2099 Manu
1059 2040 1128 2098 verb

143 2137 195 2176 cur
216 2118 335 2188 miserit,
356 2118 380 2175 si
407 2118 435 2174 id
454 2116 549 2194 potius
570 2119 683 2193 quaeris,
707 2117 793 2194 qudm
821 2139 873 2176 cur
898 2139 1000 2196 parum
1028 2119 1129 2195 amplis
1224 2169 1227 2177 .

142 2197 271 2254 affecerit
283 2196 407 2272 praemiis
416 2217 424 2267 ;
445 2198 541 2255 nescis
555 2198 666 2255 inimici
676 2198 784 2255 factum
794 2198 1013 2273 reprehendere.
1048 2197 1130 2255 Dixit

140 2277 219 2334 enim
233 2277 282 2333 hic
297 2277 383 2346 idem,
397 2276 447 2352 qui
462 2277 561 2335 omnia
581 2296 693 2352 semper
716 2287 880 2334 constanter
902 2287 931 2334 et
952 2276 1072 2346 fortiter,
1087 2274 1129 2333 M.

139 2357 224 2426 Cato,
247 2356 375 2430 dixitque
403 2356 433 2413 in
460 2357 627 2412 turbulenta
655 2356 795 2412 concione
837 2375 900 2430 quae
924 2365 1022 2413 tamen
1046 2355 1131 2430 hujus
1148 2357 1185 2410 25

139 2435 309 2493 auctoritate
330 2435 446 2510 placata
467 2435 535 2525 est),
550 2455 608 2492 non
630 2435 763 2491 libertate
785 2434 888 2503 solum,
903 2434 954 2491 sed
972 2434 1059 2490 etiam
1073 2453 1132 2490 om·

137 2515 225 2571 nibus
245 2514 380 2589 praemiis,
399 2514 583 2589 dignissimos
606 2514 705 2584 fuisse,
726 2512 775 2588 qui
797 2511 906 2569 domini
928 2522 1014 2589 caput
1035 2512 1133 2569 desen·
1189 2530 1210 2561 ν

137 2594 257 2650 dissent.
299 2593 389 2654 Quod
413 2593 491 2649 enim
513 2594 662 2669 praemium
682 2592 751 2649 satis
765 2609 903 2669 magnum
917 2603 960 2649 est
974 2603 1032 2648 tarn
1047 2592 1133 2650 bene·

137 2672 220 2742 volis,
234 2683 294 2728 tam
308 2672 400 2742 bonis,
415 2683 475 2729 tam
489 2672 622 2729 fidelibus
645 2672 743 2743 seruis,
757 2683 869 2748 propter
883 2691 953 2747 quos
966 2671 1055 2729 vivitl
1079 2671 1133 2729 etsi

137 2752 169 2808 id
192 2751 308 2825 quidem
332 2771 389 2808 non
411 2750 485 2807 tanti
507 2761 560 2822 est,
575 2750 661 2827 quam
684 2749 905 2827 quodpropter
928 2753 1054 2822 eosdem,
1075 2772 1133 2809 uon
1151 2748 1187 2804 30

137 2830 283 2905 sanguine
309 2840 338 2886 et
366 2830 532 2887 vulneribus
559 2829 618 2887 suis
645 2830 838 2888 crudelissimi
865 2830 977 2889 inimici
1006 2841 1133 2888 mentem

136 2909 296 2983 oculosque
314 2908 436 2966 satiavit.
477 2908 562 2969 Quos
576 2910 631 2967 uisi
645 2911 868 2981 manumisisset,
882 2910 1032 2968 tormentis
1045 2911 1133 2967 etiam

137 2988 266 3045 dedendi
282 2988 402 3045 luissent
416 3002 630 3047 conservatores
644 2990 762 3060 domini,
773 2991 880 3048 ultores
894 2990 1021 3059 sceleris,
1037 2989 1135 3046 desen·

137 3087 220 3125 sores
233 3068 323 3124 necis.
366 3066 425 3124 Hic
440 3066 507 3125 verb
523 3069 593 3126 nibil
616 3069 703 3125 habet
725 3068 755 3125 in
776 3069 821 3125 bis
839 3069 932 3140 malis,
948 3069 1024 3143 quod
1038 3066 1135 3124 mimis

137 3145 262 3203 moleste
288 3146 370 3216 serat,
384 3145 482 3221 quiam,
497 3148 584 3204 etiam
606 3149 630 3205 si
651 3148 720 3222 quid
741 3148 795 3224 ipsi
817 3147 941 3218 accidat,
956 3167 1020 3204 esse
1036 3156 1134 3203 tamen
1153 3146 1189 3201 35

138 3226 199 3283 illis
213 3225 348 3282 meritum
362 3226 511 3301 praeminm
525 3228 708 3302 persolutum.

182 3304 242 3361 Sed
256 3305 428 3378 questiones
442 3316 546 3382 urgent
566 3305 716 3376 Milonem,
731 3324 794 3380 quae
809 3315 876 3361 sunt
889 3304 995 3360 habitae
1010 3321 1088 3359 nunc
1106 3302 1135 3359 in

140 3382 216 3440 atrio
229 3383 394 3440 Libertatis.
435 3384 622 3446 Quibusnam
636 3386 673 3442 de
684 3384 793 3441 servisl
814 3383 918 3458 rogasl
938 3382 975 3439 de
986 3382 1018 3438 P.
1030 3380 1135 3438 Clodii.

138 3462 220 3523 Quis
253 3481 302 3519 eos
334 3464 507 3538 postulavitl
550 3465 669 3539 Appius.
710 3462 789 3523 Quis
818 3461 973 3538 produxitl
1014 3459 1135 3535 Appius.

139 3541 248 3606 Undel
279 3542 315 3597 ab
338 3543 440 3618 Appio.
482 3543 530 3600 Dii
546 3541 630 3601 boni!
656 3542 726 3618 quid
739 3550 832 3617 potest
847 3539 893 3615 agi
908 3538 1055 3597 severiusl
1090 3539 1136 3596 De
1155 3538 1191 3595 40

140 3620 232 3677 servis
245 3621 326 3677 nulla
338 3622 459 3697 quaestio
480 3632 523 3680 est
541 3622 571 3680 in
593 3622 752 3690 dominum,
766 3620 822 3676 nisi
844 3620 881 3675 de
900 3619 1023 3689 incestu,
1038 3629 1070 3676 ut
1084 3619 1138 3676 suit

141 3699 172 3757 in
187 3699 333 3757 Clodium.
375 3700 509 3759 Proxime
529 3702 607 3759 Deos
630 3700 754 3758 accessit
776 3699 907 3769 Clodius,
921 3697 1037 3775 propids
1050 3697 1137 3775 quarn

141 3789 214 3850 tum,
230 3776 298 3836 clun
322 3779 358 3836 ad
381 3780 455 3856 ipsos
475 3781 656 3857 penetrdrat3
678 3778 761 3854 cujus
776 3778 812 3835 de
825 3789 926 3850 morte,
941 3789 1079 3855 tanquam
1101 3780 1137 3836 de

142 3858 324 3917 ceremoniis
338 3859 460 3933 violatis,
475 3860 619 3936 quaeritur.
662 3859 720 3917 Sed
742 3868 840 3916 tamen
863 3858 985 3937 majores
1003 3858 1092 3918 nostri
1108 3859 1137 3916 in
