2702 4464
168 380 211 445 §26
424 382 562 432 ORATIO
586 382 635 432 lIl.
657 383 694 432 IN
719 384 750 431 h.
773 381 988 433 CATILINAM.

222 527 297 584 hanc
319 526 421 584 urbem
441 527 588 585 conditam
609 526 870 604 amplificatamque
887 527 1017 586 servavit.
1060 527 1138 585 Nam
1152 529 1202 587 toti

222 606 296 675 urbi,
306 606 429 682 templis,
440 606 578 678 delubris,
588 607 673 664 tectis
685 625 720 663 ac
730 607 883 679 moenibus,
894 607 1039 682 subjectos
1047 606 1134 683 propd
1143 609 1204 684 jam

222 685 305 761 ignes
319 685 571 761 circumdatosque
585 685 788 742 restinximus:
810 686 954 762 iidemque
965 687 1076 762 gladios
1087 686 1117 742 in
1131 705 1204 743 rem-

220 764 368 840 publicam
381 765 533 822 destrictos
546 765 716 835 retudimus,
731 783 940 840 mucronesque
954 784 1053 823 eorum
1068 784 1085 822 a
1095 765 1206 842 jugulis

168 837 186 894 5
221 843 323 900 vestris
338 841 535 924 [dejecimus]
578 844 655 904 Quae
666 843 956 919 quoniaminsenatu
967 844 1117 915 illustrata,
1127 855 1206 920 patc-

221 923 309 992 facta,
324 932 470 999 comperta
490 934 557 980 sunt
576 942 627 999 per
647 942 710 993 me;
732 922 812 980 vobis
829 923 890 998 jam
910 942 1050 999 exponam
1072 923 1204 994 breviter,

219 1001 369 1071 Quirites3
391 1012 423 1058 ut
436 1011 465 1059 et
478 1012 595 1077 quanta,
610 1012 639 1060 et
653 1000 739 1078 quiam
753 1002 916 1073 manifesta,
927 1013 956 1060 et
969 1004 1026 1079 qua
1039 1004 1150 1061 ratione
1164 1004 1206 1060 in·

220 1081 361 1157 vestigata
382 1090 412 1137 et
434 1083 641 1158 comprehensa
662 1082 729 1153 sint,
743 1100 802 1153 vos,
816 1081 866 1157 qui
888 1082 1036 1160 ignoratis,
1053 1081 1202 1162 [exactis]

221 1161 296 1217 scire
309 1160 431 1236 possitis.

169 1239 204 1294 10
263 1237 410 1314 Principii>
430 1250 462 1295 ut
483 1238 611 1296 Catilina
630 1238 732 1314 paucis
747 1238 814 1296 ante
829 1240 932 1297 diebus
946 1241 1040 1316 erupit
1059 1260 1095 1298 ex
1114 1239 1204 1313 Urbe,

222 1315 290 1374 crim
304 1317 422 1374 sceleris
442 1318 487 1374 sui
507 1319 610 1390 socios,
625 1318 746 1393 hujusce
766 1319 870 1376 nefarii
891 1319 959 1377 belli
980 1320 1135 1378 acerrimos
1155 1321 1207 1376 du-

222 1416 282 1468 ces,
296 1396 400 1454 Romae
420 1398 598 1472 reliquissatz
619 1416 730 1473 semper
745 1397 860 1474 vigilavi
880 1408 909 1455 et
928 1399 1048 1475 providi,
1062 1399 1204 1471 Quirites,

221 1476 473 1551 quemadmodum,
494 1478 525 1534 in
545 1477 633 1534 tantis
653 1486 682 1534 et
702 1486 760 1533 tam
789 1478 965 1535 absconditis
991 1477 1113 1550 insidiis,
1134 1479 1206 1536 salvi

221 1573 284 1612 esse
297 1573 453 1630 possemus.

169 1639 204 1693 15
261 1633 302 1690 ΙΙ.
344 1633 423 1690 Nam
443 1645 515 1707 tum,
530 1633 599 1692 crim
619 1654 655 1693 ex
674 1634 754 1692 Urbe
775 1635 932 1693 Catilinam
953 1635 1116 1712 ejiciebam,
1134 1634 1205 1714 (non

221 1714 300 1770 enim
317 1713 378 1788 jam
399 1732 497 1771 vereor
521 1715 606 1790 hujus
626 1714 706 1772 verbi
727 1714 875 1786 invidiam,
897 1713 965 1772 cbm
986 1716 1035 1772 illa
1055 1716 1148 1792 magis
1168 1717 1205 1773 sit

221 1792 361 1863 timenda,
374 1790 452 1867 qudd
467 1793 547 1853 vivus
560 1793 675 1872 exierit)
691 1794 828 1864 sedtum,
843 1791 911 1851 crim
926 1794 1006 1851 illum
1020 1795 1205 1853 exterminari

221 1871 368 1941 volebam;
391 1882 441 1929 aut
451 1873 591 1948 reliquam
602 1873 816 1947 conjuratorum
826 1891 946 1931 manum
957 1873 1041 1930 simul
1052 1874 1204 1946 exituram,

223 1959 272 2007 aut
293 1970 352 2022 eos,
373 1952 422 2026 qui
443 1952 623 2023 restitissent,
644 1951 772 2009 infirmos
795 1952 858 2010 sine
879 1948 934 2010 illo¹
949 1971 984 2009 ac
1004 1953 1114 2010 debiles
1135 1952 1204 2024 fore,

168 2041 204 2095 20
220 2030 366 2106 putabam.
409 2030 507 2106 Atque
520 2051 584 2107 ego,
599 2041 631 2088 ut
645 2030 714 2102 vidi,
724 2050 795 2106 quos
806 2031 931 2089 maximo
945 2031 1039 2089 furore
1053 2042 1082 2088 et
1096 2032 1205 2090 scelere

221 2128 285 2166 essa
306 2107 497 2168 inflammatos
517 2111 655 2181 sciebam,
670 2129 719 2168 eos
739 2109 891 2167 nobiscum
905 2130 978 2182 esse,
992 2120 1021 2168 et
1041 2110 1144 2168 Romae
1163 2131 1206 2169 re-

222 2188 378 2259 mansisse;
401 2188 431 2246 in
451 2209 486 2247 eo
505 2208 605 2247 omnes
626 2190 688 2246 dies
708 2199 864 2265 noctesque
885 2189 1059 2266 consumpsi,
1074 2200 1116 2260 ut,
1136 2190 1206 2265 quid

223 2278 351 2344 agerent,
365 2268 434 2343 quid
455 2268 632 2339 molirentur,
647 2269 783 2325 sentirem
801 2287 835 2326 ac
849 2269 993 2339 viderem;
1015 2280 1056 2340 ut,
1070 2269 1219 2344 quoniam¹

223 2346 341 2404 auribus
354 2347 465 2418 vestris,
479 2358 592 2424 propter
606 2347 806 2405 incredibilem
827 2348 1058 2424 magnitudinem
1078 2348 1205 2420 sceleris,

168 2433 204 2487 25
221 2426 361 2484 minorem
376 2428 463 2484 fidem
477 2424 687 2484 faceret'oratio
700 2445 775 2498 mea,
790 2446 852 2484 rem
866 2427 907 2485 ita
921 2427 1204 2503 comprehenderem,

222 2514 254 2561 ut
267 2516 328 2561 tum
342 2506 459 2564 demum
475 2507 578 2563 animis
592 2505 678 2563 saluti
697 2516 798 2564 vestrae
817 2507 1013 2581 provideretis,
1029 2505 1097 2563 crim
1114 2506 1207 2563 oculis

222 2584 397 2641 maleficium
411 2585 504 2660 ipsum
518 2586 661 2642 videretis.
704 2584 816 2659 Itaque,
831 2594 863 2641 ut
882 2586 1017 2660 comperi,
1032 2585 1141 2660 legatos
1155 2585 1207 2640 Al-

221 2661 380 2738 lobrogum,
405 2663 472 2720 belli
500 2662 687 2739 Transalpini
707 2673 737 2720 et
759 2663 900 2720 tumultrls
926 2663 1033 2720 Gallici
1060 2663 1206 2720 excitandi

221 2742 354 2812 causis
374 2741 406 2799 P.
426 2740 551 2799 Lentulo
571 2761 634 2799 esse
654 2741 831 2811 sollicitatos,
846 2760 950 2815 eosque
971 2741 1001 2797 in
1022 2741 1148 2797 Galliam
1169 2743 1205 2798 ad

168 2826 204 2880 30
221 2838 287 2877 suos
311 2820 399 2890 cives,
423 2820 581 2894 eodemque
602 2819 715 2890 itinere,
737 2838 804 2876 cum
828 2819 919 2877 literis
939 2819 1149 2893 mandatisque,
1169 2821 1206 2876 ad
1295 2830 1296 2835 ’

221 2899 389 2970 Catilinam,
404 2919 467 2956 esse
489 2899 600 2970 missos,
625 2898 816 2972 comitemque
838 2898 874 2955 iis
897 2899 1065 2973 adjunctum
1088 2898 1207 2956 Vultur·

222 2978 310 3049 cium,
327 2988 412 3053 atque
426 2978 496 3036 huic
510 2979 592 3034 datas
603 2997 666 3034 esse
678 2978 713 3034 ad
728 2976 886 3034 Catilinam
900 2977 1016 3048 literas;
1038 2977 1206 3034 facultatem

221 3057 293 3114 mihi
306 3059 433 3115 oblatam
442 3057 550 3133 putavi,
561 3066 593 3114 ut
605 3055 694 3134 (quod
709 3066 771 3113 erat
785 3056 996 3126 difficillimum,
1008 3056 1140 3131 quodque
1151 3075 1205 3132 ego

221 3155 333 3212 semper
341 3137 476 3213 optabam
487 3136 577 3193 aDiis
586 3135 808 3213 immortalibus)
819 3146 877 3193 tota
887 3155 943 3205 res,
953 3155 1009 3193 non
1019 3132 1112 3192 solinu
1121 3154 1138 3192 a
1148 3153 1205 3207 me,

168 3220 204 3274 35
221 3216 375 3273 sedetiam
390 3235 407 3272 a
420 3226 523 3273 senatu
537 3225 565 3273 et
580 3216 699 3284 ambis,
715 3212 866 3272 manifesti)
882 3215 1152 3290 deprehenderetur.

261 3293 363 3369 Itaque
384 3297 518 3353 hesterno
538 3295 585 3352 die
606 3295 639 3352 L.
662 3294 804 3351 Flaccum
817 3304 846 3350 et
866 3294 901 3350 C.
923 3294 1116 3368 Pomptinum,
1137 3313 1207 3370 prae-

220 3384 306 3445 tores,
328 3375 495 3433 fortissimos
524 3384 609 3449 atque
640 3372 850 3430 amantissimos
877 3372 1042 3448 reipublicae
1063 3372 1148 3444 viros,
1169 3373 1206 3429 ad

222 3473 269 3512 me
282 3455 399 3512 vocavi:
421 3474 481 3512 rem
495 3473 610 3512 omnem
624 3452 756 3529 exposui:
778 3451 846 3527 quid
860 3452 923 3509 fieri
934 3452 1070 3528 placeret,
1084 3452 1205 3510 ostendi.

222 3531 270 3590 Illi
286 3544 391 3605 autem,
407 3532 471 3610 (qui
491 3534 588 3591 omnia
608 3534 645 3590 de
665 3531 813 3608 republica
833 3532 972 3608 praeclara
990 3542 1075 3606 atque
1089 3531 1207 3608 egregia

168 3613 204 3666 40
222 3613 375 3692 sentirent)
397 3613 460 3670 sine
486 3613 679 3682 recusatione,
708 3630 744 3668 ac
770 3611 833 3668 sine
860 3611 919 3668 ulla
946 3611 1037 3682 morri,
1058 3610 1206 3686 negotium

222 3702 428 3767 susceperunt3
458 3702 496 3762 at,
519 3691 587 3750 crim
616 3693 875 3766 advesperasceret,
896 3689 1011 3748 occulte
1033 3690 1069 3746 ad
1091 3698 1207 3764 pontem

223 3768 366 3826 Mulvium
376 3781 584 3846 pervenerunt3
600 3780 685 3845 atque
696 3769 736 3827 ibi
747 3769 778 3826 in
787 3769 924 3845 proximis
933 3769 1008 3825 villis
1020 3768 1059 3824 ita
1070 3764 1205 3842 bipartito

223 3849 349 3919 suerunt,
358 3859 390 3906 ut
400 3849 518 3906 Tiberis
529 3850 602 3907 inter
614 3868 662 3906 eos
673 3858 702 3905 et
711 3867 782 3924 pons
791 3849 950 3906 interesset.
985 3844 1098 3903 Eodem
1110 3855 1207 3901 autem

222 3927 329 4004 stipsi,
344 3928 407 3986 sinc
421 3928 589 4004 cujusquam
604 3927 777 4003 suspicione,
792 3927 895 3984 multos
909 3924 996 3983 sortes
1008 3924 1083 3981 viros
1102 3923 1207 3980 eduxe-
