2702 4464
397 332 533 382 ORATIO
555 332 601 381 IV.
624 331 662 381 IN
687 333 717 381 L.
735 332 947 382 CATILINAM.
1177 338 1218 396 33)

180 474 262 544 tales,
277 476 384 554 quaeso)
401 475 549 551 deponite3
573 486 666 551 atque,
680 476 761 533 obliti
776 475 876 533 salutis
889 495 970 547 meae,
985 478 1021 534 de
1038 476 1117 534 vobis
1132 496 1168 534 ac

180 553 217 610 de
230 554 327 611 liberis
341 555 441 611 vestris
455 555 588 631 cogitate.
630 554 705 611 Mihi
715 555 831 628 quidem
845 555 870 611 si
884 556 946 612 haec
960 555 1087 613 conditio
1101 575 1169 613 con·

179 632 289 689 sulatts
302 633 369 689 data
382 644 435 703 est,
449 643 481 688 ut
494 651 594 689 omnes
608 633 789 704 acerbitates,
804 652 903 690 omnes
924 634 1035 691 dolores
1056 633 1168 691 crucin-

178 719 291 785 tusque,
305 711 477 786 perferrem3
499 711 589 767 feram
603 730 660 768 non
674 710 767 779 solinu
782 711 900 783 fortiter,
910 714 961 769 sed
975 712 1063 769 etiam
1077 713 1167 769 liben-

178 797 232 858 ter,
247 789 410 859 dummodo,
425 790 497 845 meis
510 784 665 859 laborib'us,
680 791 759 846 vobis
778 790 937 866 populoque
957 790 1093 848 Romano
1105 790 1168 868 dig·
1198 794 1217 849 5

178 867 254 923 nitas
268 867 402 941 salusque
415 867 551 942 pariatur.

218 945 282 1020 Ego
291 964 354 1001 sum
366 946 414 1002 ille
423 945 533 1015 consul,
543 945 643 1001 Patres
652 945 825 1021 Conscripti,
835 945 882 1002 cni
893 965 950 1003 non
961 946 1062 1017 forum,
1072 946 1102 1005 in
1111 966 1168 1021 quo

177 1024 273 1079 omnis
287 1023 407 1096 aequitas
421 1022 583 1080 continetur
592 1042 600 1092 ς
621 1043 679 1081 non
703 1023 839 1099 Campus,
854 1024 1052 1081 consularibus
1076 1026 1169 1101 auspi·

178 1101 233 1158 ciis
248 1112 435 1158 consecratus
443 1120 451 1171 ;
472 1120 529 1158 non
544 1101 634 1172 curia,
650 1120 793 1158 summum
808 1102 945 1158 auxilium
956 1103 1088 1159 omnium
1098 1123 1168 1180 gen·

178 1180 269 1248 tium;
291 1199 347 1236 non
362 1180 473 1250 domus,
488 1198 639 1236 commune
652 1179 814 1255 perfugium
823 1200 831 1250 ;
852 1199 909 1237 non
930 1181 1032 1251 lectus,
1047 1182 1083 1238 ad
1107 1182 1217 1255 qui-1⁰

178 1268 253 1315 etem
269 1258 369 1327 datus;
390 1277 448 1314 non
462 1257 586 1330 denique
600 1258 662 1315 lraec
683 1259 767 1315 sedes
788 1258 912 1328 honoris,
927 1278 1053 1332 unquam
1074 1278 1167 1318 vacua

179 1336 278 1393 mortis
290 1336 419 1411 periculo
434 1346 518 1410 atque
533 1335 644 1392 insidiis
659 1336 720 1393 fuit.
762 1336 826 1413 Ego
848 1338 939 1394 multa
959 1337 1038 1393 tacui
1047 1357 1055 1408 3
1076 1337 1167 1395 multa

178 1414 301 1490 pertuli;
321 1415 413 1471 multa
426 1413 572 1484 concessi3
594 1413 684 1471 multa
698 1433 762 1472 meo
772 1417 895 1490 quodam
909 1416 1015 1487 dolore,
1030 1415 1060 1474 in
1074 1427 1167 1475 vestro

179 1493 291 1563 timore,
309 1493 415 1550 sanavi.

219 1570 318 1641 Nunc,
333 1572 357 1627 si
371 1573 449 1631 bunc
463 1570 571 1628 exitum
586 1571 752 1629 consulatus
765 1572 822 1629 mei
837 1571 887 1629 Dii
908 1570 1082 1630 immortales
1102 1594 1166 1633 esse
1182 1584 1216 1636 15

180 1649 338 1721 voluerunt,
353 1659 385 1705 ut
398 1670 456 1721 vos,
471 1650 572 1706 Patres
586 1650 759 1726 Conscripti,
772 1651 964 1726 populumque
987 1651 1165 1725 Romanum,

180 1748 216 1785 ex
229 1729 307 1785 caede
321 1728 436 1800 misera,
448 1727 585 1804 conjuges
598 1728 758 1803 liberosque
772 1740 888 1799 vestros,
900 1729 1081 1805 virginesque
1095 1731 1167 1791 Ves-

179 1807 261 1877 taleS,
275 1826 311 1863 ex
325 1806 511 1864 acerbissima
525 1807 674 1864 vexatione
682 1828 690 1878 ;
711 1808 817 1883 templa
838 1819 923 1882 atque
945 1807 1074 1879 delubra,
1089 1810 1167 1867 hanc

179 1885 401 1960 pulcherrimam
413 1885 536 1960 patriam
549 1886 677 1942 omnium
700 1887 838 1958 nostriim,
853 1907 888 1944 ex
908 1887 1065 1943 foedissimft
1087 1887 1166 1944 flam-

180 1963 244 2033 mb;
264 1974 352 2022 totam
362 1963 478 2020 Italiam
489 1983 525 2020 ex
535 1964 609 2021 bello
619 1974 648 2021 et
658 1965 798 2036 vastitate,
810 1965 965 2041 eriperem;
987 1984 1165 2040 quacunque
1180 1978 1215 2031 20

180 2041 251 2098 mihi
270 2044 321 2099 uni
340 2052 511 2118 proponetur
526 2041 648 2115 fortuna,
663 2044 806 2100 subeatur.
848 2044 973 2113 Etenim,
996 2043 1020 2100 si
1044 2044 1075 2100 P.
1091 2045 1166 2101 Len·

180 2120 257 2176 tulus
270 2140 353 2177 suum
373 2141 489 2190 nomen,
506 2120 641 2178 inductus
663 2122 821 2193 cratibus,
843 2122 929 2178 fatale
950 2122 986 2178 ad
1005 2121 1165 2198 perniciem

180 2198 344 2273 reipublicae
358 2200 417 2257 fore
429 2199 554 2275 putavit3
570 2220 622 2257 cur
633 2219 687 2275 ego
699 2221 757 2257 non
771 2201 859 2271 later,
874 2219 971 2257 meum
985 2201 1165 2257 consulatum

182 2277 219 2332 ad
233 2278 353 2334 salutem
366 2278 530 2354 reipublicae
543 2278 629 2354 prope
645 2279 761 2336 fatalem
774 2279 935 2335 exstitissel
971 2310 976 2315 ·

153 2361 170 2399 l
221 2354 262 2411 II.
282 2355 393 2427 Quare,
407 2357 507 2413 Patres
529 2356 702 2431 Conscripti,
726 2357 866 2414 consulite
889 2356 984 2425 vobis3
1013 2355 1165 2432 prospicite
1178 2357 1214 2410 25

180 2433 296 2509 patriae3
325 2444 488 2491 conservate
511 2454 570 2505 vos,
592 2435 738 2510 conjuges,
759 2435 873 2504 liberos,
902 2433 1085 2508 fortunasque
1105 2454 1166 2491 ves·

180 2522 240 2569 tras
248 2532 256 2581 3
277 2512 371 2588 populi
385 2513 511 2571 Romani
525 2533 629 2570 nomen
644 2514 822 2585 salutemque
837 2512 998 2568 defendite:
1019 2512 1090 2569 mihi
1103 2533 1166 2591 par-

180 2610 257 2662 cere,
274 2610 308 2648 ac
322 2592 417 2648 deme
432 2592 569 2667 cogitare,
584 2591 715 2649 desinite.
757 2590 834 2647 Nam
854 2588 978 2666 primirm
999 2592 1091 2648 debeo
1104 2612 1166 2668 spe·

180 2689 253 2739 rare,
266 2689 366 2727 omnes
387 2669 476 2740 Deos,
490 2671 539 2744 qui
554 2670 622 2727 huic
642 2671 706 2728 urbi
725 2670 888 2746 praesident,
901 2689 952 2745 pro
972 2689 1007 2727 eo
1026 2670 1107 2741 mihi,
1130 2690 1165 2728 ac

179 2766 298 2819 mereor,
319 2749 458 2806 relaturos
478 2749 600 2824 gratiam
620 2769 691 2806 esse.
733 2748 856 2818 Deinde,
878 2748 902 2805 si
925 2750 994 2823 quid
1013 2750 1163 2825 obtigerat,
1178 2747 1214 2801 30

179 2846 261 2900 aequo
275 2828 370 2884 animo
383 2837 538 2902 paratoque
552 2828 665 2884 moriar.
692 2848 694 2853 ’
707 2827 811 2905 Neque
822 2828 899 2885 enim
910 2829 999 2903 turpis
1010 2847 1085 2885 mors
1099 2829 1164 2885 forti

178 2905 238 2963 viro
250 2915 342 2981 potest
361 2905 504 2976 accidere,
519 2925 613 2979 neque
637 2907 790 2963 immatura
813 2907 965 2977 consulari,
980 2926 1036 2964 nec
1059 2907 1165 2963 misera

178 2984 308 3059 sapienti.
350 2983 416 3040 Nec
430 2993 526 3040 tamen
540 3004 595 3060 ego
608 3004 671 3041 sum
695 2984 742 3043 ille
757 2985 875 3056 ferreae,
890 2986 938 3058 qui
963 2985 1057 3042 fratris
1078 2987 1166 3042 caris·

179 3061 244 3118 simi
259 3073 343 3136 atque
355 3061 542 3118 amantissimi
556 3063 702 3138 prasentia
716 3083 836 3120 moerore
850 3083 905 3120 non
917 3082 1040 3135 movear,
1052 3064 1165 3120 horum·

179 3158 235 3213 que
260 3140 388 3197 omnium
409 3140 553 3214 lacrymis,
575 3161 592 3197 a
612 3142 715 3215 quibus
735 3161 781 3199 me
802 3142 1023 3199 circumsessum
1043 3142 1162 3198 videtis:
1177 3149 1213 3202 35

178 3237 272 3291 neque
286 3236 381 3275 meam
404 3229 530 3275 mentem
546 3239 602 3277 non
626 3221 741 3278 domum
766 3239 839 3296 saepe
862 3230 978 3277 revocat
1001 3220 1165 3277 exanimata

150 3355 155 3366 ,
178 3314 257 3365 uxor,
273 3296 385 3372 abjecta
399 3307 476 3353 metu
490 3296 559 3368 filia,
574 3307 602 3355 et
615 3299 749 3374 parvulus
762 3299 847 3369 filius,
862 3317 947 3371 quem
967 3298 1038 3354 mihi
1052 3298 1163 3354 videtur

179 3374 312 3449 amplecti
326 3374 498 3449 respublica,
509 3385 646 3450 tanquam
656 3377 784 3434 obsidem
796 3375 961 3433 consulatiis
975 3377 1048 3444 mei;
1070 3395 1163 3449 neque

178 3451 236 3522 ille,
252 3453 310 3525 qui,
328 3463 497 3528 exspectans
517 3455 601 3530 hujus
625 3455 733 3512 exitum
756 3454 824 3524 diei,
840 3455 932 3510 adstat
954 3453 983 3511 in
1008 3466 1163 3529 conspectu

177 3548 242 3587 meo
255 3550 352 3605 gener.
394 3531 512 3590 Moveor
526 3534 570 3589 his
584 3534 669 3590 rebus
682 3532 825 3602 omnibus,
840 3533 889 3588 scd
914 3533 942 3589 in
966 3544 1162 3608 campartem,
1176 3539 1212 3593 40

177 3618 209 3664 ut
223 3608 293 3665 salvi
306 3609 364 3666 sint
377 3610 525 3667 vobiscum
538 3608 652 3681 omnes,
662 3612 749 3668 etiam
763 3610 844 3667 siris
867 3611 963 3685 aliqua
986 3629 1033 3668 me
1052 3631 1164 3687 oppres-

64 3692 70 3738 ἶ
93 3762 95 3765 ¹
176 3687 255 3756 serit,
269 3686 464 3765 potiusquam
484 3689 575 3745 etsilli
595 3699 689 3746 etnos
709 3689 767 3745 und
787 3688 952 3765 reipublicae
968 3701 1047 3767 peste
1066 3710 1164 3766 perea-
1189 3695 1198 3713 “
1257 3694 1268 3718 ⁴

176 3783 249 3822 mus.

215 3844 328 3917 Quare,
339 3846 440 3903 Patres
451 3844 624 3921 Conscripti,
634 3844 792 3902 incumbite
802 3847 836 3903 ad
847 3847 1013 3923 reipublicae
1023 3848 1163 3904 salutem:
