2658 4468
169 368 228 428 118
405 367 543 418 ORATIO
565 367 635 417 PRO
656 366 688 417 Τ.
711 366 826 417 ANNIO
847 366 998 417 MILONE.

255 510 354 569 XXV.
388 508 499 569 Omnia
512 511 584 570 salsa
598 522 683 587 atque
698 508 850 589 [insidiose
881 510 950 569 ficta
971 518 1210 586 compensem

215 588 307 652 Quod
321 591 346 648 si
359 600 457 648 tamen
471 591 608 649 metuitur
622 590 709 648 etiam
724 608 803 648 nunc
859 590 907 661 ilo,
922 609 980 647 non
994 590 1049 647 hoc
1064 590 1125 665 jam
1142 589 1211 647 Clo·

216 669 336 727 dianum
357 669 467 727 crimen
489 670 641 739 timemus3
662 669 713 726 sed
735 679 809 740 tuas,
831 669 887 726 Cn.
911 669 1039 744 Pompei,
1062 669 1104 746 (te
1126 668 1211 725 enim

213 746 274 823 jam
288 747 398 824 appello
411 748 446 805 ei
460 767 541 819 voce,
557 758 588 805 ut
605 767 652 806 me
666 747 767 805 audire
779 748 883 825 possis)
899 756 974 819 tuas,
988 759 1061 819 tuas,
1078 749 1210 822 inquam,

184 822 394 904 5suspiciones
412 826 664 904 perhorrescimus.
706 827 739 884 Si
761 825 902 884 Milonem
920 826 1014 897 times,
1029 827 1053 884 si
1072 828 1151 883 hunc
1169 827 1211 883 de

217 906 267 963 tud
288 906 346 963 vitd
368 904 479 964 nefarie
502 917 552 964 aut
571 926 650 964 nunc
670 907 808 983 cogitare,
832 916 882 963 aut
901 906 1031 963 molitum
1052 905 1210 978 aliquando

217 984 335 1061 aliquid,
349 995 450 1061 putas;
472 986 497 1043 si
518 984 611 1042 Italiae
629 985 769 1056 delectus,
786 983 832 1059 (ut
849 984 981 1042 nonnulli
999 983 1211 1059 conquisitores

216 1063 259 1121 tui
273 1064 421 1143 dictitant)
436 1064 460 1121 si
475 1065 538 1122 hec
552 1082 641 1135 arma,
653 1064 677 1120 si
691 1063 862 1141 Capitoline
877 1064 1019 1134 cohortes,
1030 1063 1053 1119 si
1064 1063 1209 1133 excubiae,

216 1142 241 1200 si
256 1143 371 1220 vigilie,
385 1144 410 1201 si
424 1143 538 1201 delectu
555 1142 701 1219 juventus,
715 1163 779 1218 quas
800 1151 883 1199 tuum
905 1161 1007 1218 corpus
1031 1143 1210 1217 domumque

168 1219 202 1273 1⁰
217 1222 351 1294 custodit,
365 1233 466 1280 contra
487 1220 606 1280 Milonis
627 1221 765 1298 impetum
789 1231 899 1279 armata
916 1231 970 1291 est,
986 1230 1070 1295 atque
1084 1221 1134 1277 illa
1148 1241 1210 1278 om·
1306 1270 1307 1297 ,

216 1300 266 1358 nia
284 1301 314 1358 in
328 1301 407 1358 hunc
425 1320 515 1358 unum
533 1301 674 1372 instituta,
688 1311 798 1377 parata,
812 1301 923 1358 intenta
941 1308 1024 1370 sunt;
1045 1318 1153 1376 magna
1175 1300 1209 1357 in

216 1379 271 1436 hoc
285 1379 364 1437 certe
379 1379 431 1451 vis,
446 1388 476 1438 et
497 1380 675 1438 incredibilis
697 1380 820 1451 animus,
834 1390 864 1437 et
883 1398 941 1437 non
962 1378 1048 1436 unius
1061 1379 1114 1436 viri
1129 1380 1209 1436 vires

217 1468 302 1533 atque
320 1478 389 1535 opes
409 1459 584 1531 indicantur,
599 1458 741 1534 siquidem
762 1459 792 1516 in
812 1459 891 1516 hunc
912 1475 1002 1515 unum
1022 1467 1051 1515 et
1070 1468 1210 1534 praestan·

216 1537 344 1595 tissimus
358 1539 416 1596 dux
429 1539 549 1609 electus,
564 1548 593 1596 et
605 1547 666 1595 tota
679 1538 841 1614 respublica
856 1547 966 1595 armata
979 1545 1031 1594 est.

167 1620 202 1673 15
256 1617 315 1675 Sed
329 1618 463 1693 quianon
478 1616 621 1694 intelligit,
635 1636 736 1675 ornnes
748 1617 802 1674 tibi
815 1616 980 1692 reipublicae
993 1625 1097 1692 partes,
1112 1636 1209 1693 aegras

215 1705 245 1754 et
264 1696 405 1768 labantes,
426 1705 459 1754 ut
484 1715 534 1754 eas
557 1696 602 1754 his
627 1697 713 1753 armis
736 1697 854 1754 sancies
874 1706 904 1753 et
923 1695 1119 1766 confirmares,
1141 1715 1209 1753 esse

216 1775 406 1832 commissasl
439 1773 531 1837 Quod
557 1774 582 1832 si
609 1774 713 1833 Miloni
736 1775 818 1833 locus
842 1775 926 1832 datus
949 1785 1035 1846 esset,
1057 1774 1210 1850 probasset
1264 1790 1270 1796 '

214 1851 343 1929 profectd
357 1853 410 1911 tibi
424 1853 488 1930 ipsi,
502 1853 648 1911 neminem
670 1873 798 1930 unquam
818 1854 964 1912 hominem
984 1853 1093 1911 homini
1113 1854 1209 1912 cario·

215 1949 276 1989 rem
290 1931 388 2003 fuisse,
403 1930 488 2006 quarn
499 1943 529 1990 te
539 1933 612 2003 sibi3
627 1933 737 1990 nullum
748 1952 779 1991 se
789 1952 915 2008 unquam
925 1931 1086 2008 periculum
1095 1952 1146 2009 pro
1154 1933 1208 1991 tufa

164 2005 201 2061 2⁰
216 2009 356 2086 dignitate
369 2010 493 2087 fugisse3
515 2031 583 2069 cum
598 2011 647 2068 ills
661 2012 723 2088 ipsi
736 2012 882 2070 teterrimi
895 2022 976 2088 peste
989 2011 1144 2087 sepissime
1153 2032 1208 2088 pro

215 2088 265 2145 tuti
285 2089 376 2164 gloriis
394 2091 592 2160 contendisse3
613 2091 791 2149 tribunatum
813 2111 896 2149 suurn
912 2090 1084 2148 adsalutem
1098 2110 1206 2163 meam,

215 2185 278 2241 quae
298 2167 352 2225 tibi
370 2169 520 2227 carissimu
533 2169 643 2241 fuisset,
658 2169 785 2228 consiliis
799 2170 856 2227 tuis
870 2171 1078 2247 gubernatum
1098 2188 1130 2227 se
1145 2189 1162 2227 a
1175 2182 1207 2229 te

209 2257 311 2323 postea
325 2248 474 2305 defensum
489 2249 518 2306 in
532 2248 661 2325 periculo
674 2249 785 2325 capitis,
799 2250 927 2326 adjutum
941 2250 972 2307 in
984 2248 1121 2326 petitione
1134 2269 1207 2325 prae-

215 2335 303 2397 turae;
324 2326 396 2385 duos
418 2347 450 2385 se
474 2329 581 2386 habere
602 2347 714 2404 semper
737 2328 926 2387 amicissimos
946 2328 1086 2405 spertisse,
1106 2338 1136 2385 te
1154 2338 1207 2387 tuo

164 2404 200 2458 25
216 2406 366 2478 beneficio,
381 2427 428 2464 me
442 2426 502 2465 suo.
542 2407 620 2469 Quas
642 2408 666 2464 si
684 2427 742 2465 uon
757 2409 908 2485 probaret;
930 2408 954 2465 si
968 2407 1022 2465 tibi
1035 2408 1076 2465 ita
1088 2406 1207 2484 penitus

198 2484 376 2544 ·inhaesisset
399 2486 454 2544 ista
477 2486 611 2562 suspicio,
629 2487 708 2544 nullo
727 2496 760 2543 ut
777 2487 861 2544 evelli
877 2487 963 2545 modo
979 2496 1091 2563 posset;
1112 2486 1137 2543 si
1155 2488 1206 2545 de-

215 2563 302 2639 nique
326 2564 412 2623 Italia
436 2585 453 2623 a
473 2566 598 2636 delectu,
619 2564 695 2623 Urbs
717 2567 754 2623 ab
776 2565 873 2637 armis,
887 2566 950 2624 sine
971 2566 1089 2624 Milonis
1108 2565 1203 2637 clade,

214 2661 362 2716 nunquam
380 2653 456 2702 esset
474 2644 677 2720 conquietura3
699 2664 744 2702 nae
761 2644 815 2703 iste
829 2645 907 2702 haud
921 2646 1056 2702 dubitans
1070 2645 1205 2703 cessisset

213 2720 316 2795 patriti,
331 2721 365 2791 is,
380 2723 428 2797 qui
450 2722 490 2780 ita
509 2734 595 2780 natus
614 2732 667 2794 est,
682 2733 712 2781 et
731 2724 772 2781 ita
786 2725 935 2782 consuevit
944 2744 952 2795 ;
974 2735 1013 2796 te,
1029 2723 1148 2801 Magne,
1161 2734 1205 2782 ta·

163 2797 199 2852 30
214 2816 281 2854 men
295 2809 503 2871 antestaretur;
523 2801 599 2876 quod
613 2803 793 2860 nuncetiam
808 2803 886 2861 facit.

253 2876 369 2936 XXVI.
402 2879 487 2949 Vide,
502 2877 589 2953 qudm
605 2881 642 2938 sit
660 2881 740 2939 varia
758 2882 823 2939 vitae
838 2881 1105 2957 commutabilisque
1119 2881 1203 2954 ratio,
1306 2910 1307 2951 3

157 2986 160 2995 ν
214 2955 299 3031 qulam
320 2975 394 3034 vaga
413 2956 601 3033 volubilisque
622 2960 744 3032 fortuna,
759 2972 873 3035 quantae
892 2961 1076 3019 infidelitates
1089 2962 1119 3019 in
1134 2961 1205 3018 ami·
1306 2996 1307 3019 1

214 3035 267 3105 cis,
282 3033 368 3111 quam
390 3037 425 3093 ad
443 3047 555 3114 tempus
575 3050 646 3114 apta
660 3039 866 3112 simulationes,
881 3053 995 3114 quantae
1016 3041 1046 3098 in
1066 3039 1204 3116 periculis

215 3113 289 3189 fugae
312 3115 513 3191 proximorum,
527 3128 642 3192 quantae
665 3118 842 3177 timiditates.
883 3118 958 3190 Erit,
975 3120 1030 3177 erit
1047 3119 1118 3176 illud
1140 3139 1205 3195 pro-

163 3203 199 3257 35
215 3192 291 3250 fectb
306 3204 427 3270 tempus,
443 3204 473 3252 et
493 3195 644 3254 illucescet
664 3196 817 3272 aliquando
835 3199 883 3256 ille
902 3198 973 3269 dies,
989 3197 1057 3256 crim
1071 3208 1113 3269 tu,
1128 3198 1204 3255 salu-

213 3274 323 3331 taribus
338 3271 384 3349 (ut
405 3275 500 3352 spero)
516 3276 602 3332 rebus
621 3275 688 3344 tuis,
703 3277 752 3332 sed
768 3276 887 3335 sortasse
908 3287 988 3334 motu
1010 3278 1105 3352 aliquo
1126 3297 1204 3335 com·

213 3353 344 3411 munium
367 3364 526 3429 temporum
553 3354 720 3425 immutatis,
744 3353 808 3432 (qui
830 3354 918 3430 quam
945 3354 1047 3414 crebrb
1076 3357 1202 3427 accidat,

213 3432 321 3507 experti
342 3432 480 3490 debemus
500 3431 589 3512 scire)
604 3442 634 3490 et
654 3432 822 3491 amicissimi
842 3435 1082 3505 benevolentiam,
1097 3445 1125 3492 et
1138 3455 1204 3511 gra·

212 3510 321 3568 vissimi
343 3511 466 3568 hominis
486 3511 583 3583 fidem,
598 3522 627 3570 et
640 3512 726 3570 unius
739 3523 802 3589 post
815 3513 946 3571 homines
960 3523 1042 3571 natos
1056 3514 1203 3571 fortissimi

162 3583 198 3636 40
213 3589 266 3645 viri
280 3589 508 3665 magnitudinem
524 3592 623 3662 animi,
638 3591 791 3649 desideres.

251 3667 428 3742 Quanquam
444 3669 507 3744 quis
529 3669 583 3726 hoc
604 3670 712 3739 credat,
727 3670 781 3728 Cn.
797 3670 975 3747 Pompeium,
988 3670 1061 3747 juris
1081 3670 1202 3746 publici,

212 3747 299 3802 moris
313 3747 462 3820 majorum,
477 3740 519 3803 r'ei
533 3748 658 3822 denique
671 3749 794 3823 publicae
806 3745 1022 3825 peritissimum,
1038 3747 1105 3807 clim
1120 3769 1203 3807 sena·

213 3834 258 3880 tus
273 3824 299 3880 ei
311 3825 495 3896 commiserit,
505 3835 537 3881 ut
550 3827 669 3895 videret,
684 3845 725 3882 uu
738 3847 812 3889 outo
824 3847 1013 3885 assensuros
1025 3848 1203 3885 nunninus·

212 3921 244 3958 ur
260 3918 409 3971 ossanna,
426 3901 496 3976 (quo
509 3922 568 3959 uno
581 3904 723 3961 versiculo
742 3906 811 3961 satis
826 3906 927 3963 armati
942 3925 1054 3982 semper
1069 3908 1202 3965 consules

161 3976 197 4032 45
213 3978 337 4049 fuerunt,
351 3977 440 4034 etiam
462 3978 550 4035 nullis
571 3980 659 4036 armis
679 3981 768 4061 datis)
784 3982 873 4054 hunc,
895 3985 1035 4058 exercitu,
1050 3986 1139 4059 hunc,
1153 3986 1203 4045 dc-
