2702 4464
161 369 202 428 ω
446 368 583 418 ORATIO
605 366 675 416 PRO
697 366 735 416 M.
758 365 966 416 MARCELLO.

211 509 381 587 tantumque
402 512 491 583 abest,
506 521 538 568 ut
558 510 682 585 aliquam
703 509 807 567 bonam
828 509 950 586 gratiam
970 507 1041 565 mihi
1061 509 1198 583 quaesisse

212 590 321 661 videar,
336 600 367 647 ut
380 591 484 647 multas
506 590 595 647 etiam
621 588 790 659 simultates,
804 588 907 664 partim
925 587 1073 657 obscuras,
1093 586 1198 663 partim

214 678 335 743 apertas,
350 668 518 745 intelligam,
533 667 604 723 mihi
617 687 675 724 uon
688 666 877 737 necessarias,
892 666 972 724 vobis
991 684 1048 723 nou
1069 665 1197 736 inutiles,

212 746 380 821 suscepisse.
423 747 481 802 Sed
495 765 550 822 ego
570 763 626 816 me,
650 747 706 802 hoc
725 746 832 803 honore
852 745 1012 821 praeditum,
1027 743 1116 800 tantis
1135 763 1198 800 res-

179 828 198 880 5
212 824 264 881 tris
277 824 426 881 beneficiis
440 824 585 894 allectum,
600 822 697 894 statui,
718 823 860 894 Quirites,
874 833 998 880 vestram
1011 821 1196 893 voluutqtsm,

212 912 242 959 et
269 902 434 978 reipublice
461 902 640 977 dignitatem,
667 911 697 958 et
722 901 845 966 salutem
873 900 1084 977 provinciarum
1112 910 1197 973 atque
1234 930 1236 939 ·

213 980 364 1052 sociorum,
391 980 464 1037 meis
490 980 623 1037 omnibus
649 980 806 1037 commodis
825 988 855 1037 et
884 978 1198 1054 rationibus‘praeferre

211 1069 350 1134 oportere.

518 1261 892 1272 ———————-——-

590 1457 820 1538 orntum

332 1630 476 1745 rino
521 1671 591 1745 m.
634 1671 1076 1747 mnncnnno.

591 1881 829 1894 ψ

254 2005 279 2064 Ι.
320 2007 479 2065 Dmrumu
510 2005 627 2078 silentii,
647 2007 748 2064 Patres
768 2007 942 2084 conscripti,
962 2026 1020 2083 quo
1049 2025 1128 2064 eram
1154 2005 1200 2063 h1s

167 2087 201 2142 10
214 2086 389 2161 temporibus
401 2105 480 2156 usuS,
494 2106 551 2143 non
566 2086 667 2144 timore
681 2086 786 2160 aliquo,
800 2088 851 2143 sed
863 2087 966 2162 partim
980 2087 1086 2157 dolore,
1096 2085 1200 2161 partim

215 2165 399 2234 verecundie,
413 2164 501 2221 finem
521 2165 677 2221 hodiernus
696 2164 758 2222 dies
779 2165 889 2236 attulit;
920 2165 1054 2239 idemque
1074 2165 1199 2234 initium,

216 2259 280 2316 quae
300 2243 412 2313 vellem,
433 2261 552 2318 quaeque
573 2243 717 2315 sentirem,
744 2262 809 2300 meo
827 2243 947 2319 pristino
972 2262 1050 2301 more
1074 2241 1198 2309 dicendi,

217 2319 344 2376 Tantam
358 2320 436 2378 enim
450 2321 710 2391 mansuetudinem,
724 2331 783 2378 tam
798 2322 974 2394 inusitatam,
984 2321 1200 2395 inauditamque

218 2398 412 2471 clementiam,
426 2409 547 2470 tantum,
564 2399 593 2457 in
608 2400 719 2455 summai
732 2410 881 2476 potestate,
893 2419 988 2457 rerum
1001 2401 1129 2458 omnium
1143 2419 1201 2457 mo-

168 2474 203 2528 15
218 2479 296 2549 dum,
311 2487 370 2534 tam
384 2478 508 2553 denique
523 2478 722 2535 incredibilem
742 2479 912 2554 sapientiem
927 2498 962 2536 ao
975 2478 1049 2555 penti
1064 2479 1200 2548 divinam,

217 2556 323 2612 tacitus
343 2557 421 2613 nullo
448 2558 532 2614 modo
557 2557 701 2632 preterire
721 2576 844 2632 possum.
887 2556 928 2614 M.
956 2557 1034 2614 enirn
1061 2557 1202 2614 Marcello

217 2634 307 2703 robis,
321 2635 422 2691 Patres
443 2634 615 2709 Conscripti,
637 2634 735 2709 reique
756 2635 878 2711 publicae
892 2636 1013 2706 reddito,
1028 2655 1085 2693 non
1109 2633 1200 2692 solum

218 2711 305 2780 illius,
319 2713 370 2768 sed
384 2730 477 2768 meam
492 2713 579 2768 etiam
594 2731 693 2769 vocem
707 2722 737 2768 et
751 2714 959 2785 auctoritatem,
971 2725 999 2771 et
1013 2714 1092 2772 vobis
1105 2724 1134 2771 et
1148 2713 1202 2771 rei·

217 2788 339 2864 publicae
354 2799 550 2845 conservatam
565 2808 600 2847 ac
614 2790 774 2846 restitutam
787 2803 862 2866 puto.

167 2873 204 2927 20
258 2866 399 2923 Dolebam
413 2866 500 2936 enim,
515 2868 615 2941 Patres
629 2868 802 2944 Conscripti,
817 2881 846 2927 et
860 2871 1043 2928 vehementer
1065 2873 1201 2948 angebar,

219 2942 287 3003 crim
301 2944 437 3014 viderem,
452 2946 544 3001 virum
558 2946 655 3016 talem,
670 2946 700 3003 in
714 2947 816 3004 eadem
837 2949 925 3006 causa
947 2948 976 3005 in
997 2950 1053 3025 quai
1068 2970 1122 3026 ego
1135 2951 1203 3007 fuis·

218 3042 289 3095 sem,
300 3043 358 3080 nou
367 3023 397 3080 in
405 3023 508 3080 eridem
519 3042 582 3081 esse
591 3024 704 3081 fortunii
716 3046 722 3083 :
737 3045 792 3083 nec
802 3027 873 3083 mihi
882 3029 1054 3103 persuadere
1064 3039 1201 3104 poteram,

218 3123 274 3162 uec
285 3102 327 3159 fas
338 3122 400 3159 esse
409 3102 561 3173 ducebam,
571 3103 677 3160 versari
687 3123 734 3162 me
743 3104 771 3162 in
784 3115 879 3162 nostro
889 3106 978 3162 veteri
989 3107 1143 3177 curriculo,
1155 3107 1203 3163 illo

219 3182 322 3240 aemulo
336 3191 420 3256 atque
435 3180 576 3239 imitatore
590 3182 749 3240 studiorum
764 3201 799 3241 ac
818 3183 947 3242 laborum
968 3204 1107 3255 meorum,
1121 3185 1203 3260 quasi

167 3262 203 3315 25
218 3261 341 3335 quodam
356 3259 434 3318 socio
448 3278 465 3316 a
478 3278 524 3316 me
544 3270 573 3317 et
593 3261 708 3333 comite,
723 3262 867 3319 distracto.
909 3262 987 3338 Ergo
1001 3263 1114 3320 etmihi
1132 3282 1203 3321 meae

217 3339 344 3414 pristinae
365 3338 430 3395 vitae
452 3339 699 3410 consuetudinem,
714 3340 748 3397 C.
763 3340 871 3412 Caesar,
893 3340 1078 3399 interclusam
1106 3361 1204 3418 aperu-
1236 3352 1238 3357 '
1339 3330 1340 3337 ἵ

219 3417 266 3474 isti
275 3437 282 3486 ;
304 3427 333 3475 et
347 3417 392 3474 his
405 3416 548 3487 omnibus,
564 3418 600 3474 ad
615 3416 688 3475 bend
704 3419 740 3475 de
753 3420 831 3476 omni
851 3419 1000 3495 republica
1021 3422 1203 3497 sperandum,

219 3496 300 3570 quasi
314 3495 428 3572 signum
443 3495 556 3570 aliquod
576 3496 722 3553 sustulisti.
763 3495 947 3555 Intellectum
968 3508 1011 3555 est
1031 3499 1119 3570 enim,
1134 3499 1204 3554 mihi

219 3573 335 3646 quidem
350 3574 379 3631 in
394 3571 500 3645 multis,
515 3585 544 3632 et
557 3573 681 3632 maxime
697 3575 726 3632 in
740 3575 871 3651 meipso,
886 3577 937 3633 sed
957 3576 1043 3652 pauld
1059 3576 1125 3634 ante
1146 3595 1205 3633 om-

169 3663 205 3717 30
219 3651 314 3721 nibus,
335 3650 403 3709 oiim
424 3652 465 3710 M.
482 3653 653 3710 Marcellum
667 3653 785 3712 senatui
805 3655 963 3730 populoque
984 3655 1119 3713 Romano
1139 3675 1206 3712 con·

220 3728 341 3799 cessisti,
357 3731 586 3789 commemoratis
598 3732 754 3807 praesertim
773 3732 988 3803 offensionibus,
1003 3744 1032 3790 te
1054 3744 1206 3790 auctorita·

219 3818 278 3865 tem
292 3807 376 3884 hujus
384 3809 501 3881 ordinis,
511 3810 736 3886 dignitatemque
750 3811 925 3887 reipublice,
934 3811 992 3869 tuis
1001 3811 1046 3869 vel
1061 3811 1206 3870 doloribus

220 3886 263 3944 vel
278 3886 488 3963 suspicionibus
502 3888 652 3946 anteferre,
