2658 4468
184 389 242 448 ιω
439 386 578 438 enarro
601 386 671 437 rao
692 385 725 437 τ.
746 350 862 436 ausui
883 384 1035 436 uicorsa.

231 532 336 607 capite,
352 550 369 588 a
383 531 439 589 viu
454 532 517 602 snt,
530 531 728 608 propulsarent
736 551 744 601 3
766 551 822 589 non
836 531 955 606 potestis
968 531 1024 588 hoc
1044 531 1160 589 facinus
1175 531 1233 588 im-

230 612 349 686 probum
361 610 503 686 judicare,
518 611 588 686 quin
608 609 693 667 simul
712 610 859 687 judicetis,
874 610 1017 680 omnibus,
1032 611 1081 684 qui
1096 612 1127 669 in
1140 611 1232 669 latro-

231 709 283 747 nes
309 689 475 761 inciderint,
500 701 549 746 aut
570 689 684 747 illorum
705 689 771 747 telis
792 698 843 746 aut
864 689 965 747 vestris
988 691 1140 748 sententiis
1160 709 1231 748 esse

230 769 417 844 pereundum.

198 842 217 895 5
269 846 361 908 Quod
375 847 399 903 si
415 847 455 904 ita
467 847 605 922 putasset,
625 844 704 905 certd
726 846 881 924 optabilius
905 843 1009 904 Miloni
1031 846 1132 906 suisset
1154 848 1230 906 dare

236 925 369 1001 jugulum
393 926 424 983 P.
448 926 561 995 Clodio,
583 946 641 984 non
665 927 754 984 semel
780 927 817 984 ab
839 926 888 984 illo
911 943 1006 1000 neque
1020 936 1082 983 tum
1095 924 1228 1003 primurn

230 1007 360 1081 petitum,
375 1003 461 1081 quiam
479 1005 605 1081 jugulari
621 1025 638 1063 a
658 1005 748 1076 vobis,
763 1006 832 1080 quia
853 1024 885 1062 se
899 1005 941 1062 illi
961 1023 1019 1062 non
1030 1006 1229 1082 jugulandum

231 1085 403 1141 tradidisset.
446 1085 498 1141 Sin
514 1087 569 1142 hoc
589 1103 675 1142 nemo
687 1085 813 1142 vestrrim
828 1083 870 1141 ita
890 1083 993 1153 sentit3
1016 1085 1086 1141 illud
1108 1085 1170 1160 jam
1194 1086 1228 1143 in

183 1236 218 1290 1⁰
232 1162 387 1298 jqdicium.
406 1164 493 1258 venit,
520 1183 596 1300 neap,i
615 1163 780 1299 Oplctisusne
800 1162 838 1298 qit
855 1159 957 1253 ·(quod
984 1163 1132 1298 satemutr),
1160 1165 1226 1299 seq,

272 1261 285 1298 r
380 1262 389 1298 1
456 1262 500 1298 ra·
611 1261 639 1298 m
684 1262 693 1298 ι
819 1261 838 1297 u
865 1261 879 1298 s
1036 1261 1075 1298 aes
1217 1286 1224 1300 .

232 1261 365 1378 1ηείἳίἰὲ
371 1263 462 1378 saildllds
476 1263 673 1379 e’ssdu‘constat
682 1261 799 1379 :selnido
815 1262 868 1391 edi,
883 1260 976 1395 qiraeode
983 1261 1226 1379 sidatdsuibniia

231 1400 438 1475 rempublicam
460 1400 568 1457 sactum
579 1400 737 1475 judicavit:
760 1402 797 1457 ab
810 1410 876 1458 utro
891 1400 974 1457 lactae
996 1400 1063 1469 sint,
1078 1399 1225 1457 incertum

231 1488 282 1536 est.
325 1478 371 1535 De
385 1481 440 1536 hoc
455 1479 551 1555 igitur,
565 1479 656 1537 latum
670 1489 723 1551 est,
732 1488 765 1536 ut
778 1488 961 1554 quereretur.
1002 1478 1050 1535 Ita
1062 1489 1092 1536 et
1105 1490 1226 1537 senatus

231 1577 302 1628 rem,
327 1578 383 1615 non
408 1559 564 1626 homiuem,
586 1558 695 1615 notavit
702 1578 710 1628 ;
731 1566 761 1615 et
784 1558 947 1634 Pompeius,
969 1558 1006 1615 de
1017 1557 1091 1634 jure,
1106 1578 1166 1616 non
1186 1559 1225 1637 dp

183 1644 217 1698 15
232 1637 318 1706 sacto,
332 1637 518 1712 quaestionem
532 1637 606 1693 tulit.

271 1715 344 1772 XII.
385 1716 536 1790 Numquid
561 1715 648 1792 igitur
663 1716 741 1774 aliud
763 1715 793 1773 in
811 1715 954 1791 judicium
968 1716 1056 1787 venit,
1070 1716 1137 1787 nisi,
1159 1728 1225 1774 uter

231 1795 288 1852 utri
303 1794 422 1851 insidias
443 1794 562 1852 seceritl
594 1794 734 1870 profecti),
756 1795 848 1865 nihil;
880 1795 904 1852 si
926 1795 976 1853 hic
999 1795 1051 1867 illi,
1073 1804 1106 1853 ut
1130 1815 1167 1853 ne
1186 1796 1225 1852 sit

231 1871 367 1948 impune3
389 1873 414 1930 si
428 1873 477 1930 ille
491 1874 570 1944 huic,
585 1883 646 1930 tum
660 1892 713 1931 nos
726 1873 836 1931 scelere
850 1874 1002 1931 solvamur.

270 1952 409 2013 Quonam
424 1952 510 2028 igitur
523 1963 609 2028 pacto
621 1953 734 2029 probari
747 1962 849 2029 potest,
865 1952 985 2010 insidias
999 1950 1102 2010 Miloni
1118 1952 1224 2011 fecisse

180 2031 217 2088 20
231 2029 389 2088 Clodinml
415 2031 492 2087 Satis
506 2032 689 2106 estquidam,
710 2032 739 2088 in
754 2031 803 2089 illri
816 2042 876 2088 tam
899 2031 1014 2102 audaci,
1036 2041 1094 2088 tam
1110 2032 1223 2090 nefarii

231 2108 338 2180 bellua,
367 2110 482 2179 docere,
510 2129 648 2186 magnam
682 2110 710 2168 ei
738 2130 867 2182 causam,
904 2128 1041 2187 magnam
1072 2129 1163 2186 spem,
1191 2111 1223 2169 in

231 2187 351 2246 Milonis
364 2199 455 2247 morte
476 2190 658 2266 propositam,
678 2208 799 2266 magnas
820 2190 959 2248 utilitates
980 2189 1077 2247 fuisse.
1119 2188 1223 2264 Itaque

231 2266 303 2324 illud
326 2268 510 2339 Cassianum,
533 2287 583 2326 cur
606 2287 688 2326 sono
710 2288 834 2340 sunnia,
849 2269 879 2328 in
902 2270 947 2326 his
967 2268 1097 2344 personis
1110 2268 1221 2339 valeat;

231 2347 284 2403 etsi
299 2347 366 2405 boni
380 2347 462 2405 nullo
474 2347 668 2406 emolumento
687 2347 872 2424 impelluntur
892 2347 922 2404 in
944 2348 1084 2418 fraudem,
1099 2346 1222 2422 improbi
1304 2388 1305 2433 ,

179 2426 216 2479 25
231 2445 305 2502 saepe
318 2446 413 2502 parvo.
456 2425 557 2502 Atqui,
572 2426 683 2484 Milone
697 2426 858 2497 interfecto,
872 2425 993 2483 Clodius
1013 2428 1068 2484 hoc
1090 2444 1222 2501 asseque-

231 2506 324 2575 batur,
338 2526 396 2563 non
410 2504 495 2564 modd
511 2515 543 2563 ut
555 2515 656 2582 praetor
671 2515 756 2576 esset,
770 2525 828 2562 non
842 2525 877 2563 eo
891 2506 1018 2576 consule,
1033 2525 1089 2581 quo
1103 2505 1222 2563 sceleris

229 2584 301 2641 nihil
317 2584 413 2641 facere
426 2595 537 2661 posset;
559 2585 721 2655 sedetiam,
737 2593 768 2641 ut
781 2584 826 2640 his
840 2584 1006 2641 consulibus
1018 2595 1120 2660 pretor
1134 2595 1220 2657 esset,

230 2662 344 2737 quibuS,
359 2664 383 2720 si
397 2683 455 2721 non
479 2663 689 2739 adjuvantibus,
715 2673 744 2720 at
767 2663 988 2721 conniventibus
1010 2661 1100 2733 certe,
1125 2683 1221 2738 spera·

230 2751 283 2812 ret,
308 2758 339 2797 se
368 2761 451 2816 posse
480 2742 689 2816 rempublicam
718 2742 836 2800 eludere
862 2742 892 2799 in
920 2741 976 2798 illis
1002 2741 1061 2798 suis
1088 2741 1221 2818 cogitatis

179 2827 215 2881 30
231 2818 392 2877 furoribus:
414 2820 496 2895 cujus
510 2819 551 2876 illi
565 2831 686 2878 conatus
708 2820 754 2895 (ut
774 2821 835 2897 ipse
855 2820 1093 2898 ratiocinabatur)
1108 2840 1174 2886 nec,
1194 2821 1219 2878 si

228 2907 354 2973 possent,
369 2899 524 2973 reprimere
538 2897 767 2974 cuperent,cl1m
781 2910 892 2957 tantum
903 2899 1076 2957 beneficium
1087 2898 1115 2956 ei
1126 2918 1157 2957 se
1171 2900 1219 2957 de-

230 2978 298 3035 bere
313 2977 536 3046 arbitrarentur3
558 2986 597 3048 et,
612 2978 636 3034 si
650 2979 765 3049 vellent,
777 2979 894 3036 sortasse
905 2977 951 3034 vix
960 2988 1075 3052 possent
1087 2977 1218 3054 frangere

230 3056 353 3114 hominis
367 3055 580 3113 sceleratissimi
591 3058 802 3115 corroboratam
813 3057 873 3132 jam
887 3066 1027 3113 vetustate
1042 3057 1201 3113 audaciam.

269 3136 318 3192 An
332 3132 411 3204 verb,
423 3134 546 3209 judices,
566 3155 616 3192 vos
639 3135 691 3192 soli
715 3136 874 3212 ignoratisl
895 3154 943 3191 vos
967 3134 1092 3209 hospites
1112 3135 1142 3192 in
1163 3136 1217 3192 hac

178 3217 214 3272 35
230 3215 301 3272 urbe
314 3213 491 3272 versaminil
511 3224 611 3271 vestre
634 3215 854 3290 peregrinantur
878 3216 983 3271 auresl
1004 3233 1098 3287 neque
1113 3213 1143 3271 in
1163 3214 1216 3272 hoc

228 3303 384 3371 pervagato
409 3292 534 3350 civitatis
563 3311 694 3350 sermone
714 3303 872 3362 versantur,
900 3311 972 3366 quas
998 3291 1046 3349 ifle
1073 3293 1152 3369 leges
1179 3293 1216 3367 (si

228 3373 309 3450 leges
322 3371 503 3432 nominandae
518 3383 594 3443 sunt,
610 3391 644 3429 ac
657 3392 715 3430 non
729 3372 808 3429 faces
821 3371 911 3443 urbis,
935 3381 965 3429 et
986 3381 1082 3446 pestes
1105 3372 1216 3448 reipub-

228 3452 306 3542 lice)
335 3451 421 3510 suerit
446 3451 629 3526 impositurus
655 3450 737 3508 nobis
763 3450 905 3520 omnibus,
937 3460 1022 3524 atque
1049 3450 1214 3508 inusturus'l

229 3530 353 3601 Exhibe,
367 3550 472 3605 quaeso,
498 3531 585 3587 Sexte
609 3529 703 3599 Clodi,
728 3529 832 3587 exhibe
856 3528 1005 3586 librarium
1029 3529 1100 3586 illud
1121 3529 1216 3605 legum

178 3606 215 3661 to
230 3620 397 3678 vestrarum,
425 3609 500 3683 quod
527 3618 556 3666 te
577 3608 658 3665 aiunt
684 3607 823 3682 eripuisse
844 3627 860 3665 e
881 3607 976 3676 domo,
997 3618 1026 3665 et
1052 3627 1088 3665 ex
1114 3607 1216 3665 mediis

230 3687 317 3743 armis
346 3686 488 3760 turbaque
518 3688 670 3756 nocturni,
697 3696 834 3760 tanquam
862 3686 1034 3756 Palladium,
1058 3686 1214 3757 sustulisse,

229 3775 262 3821 ut
273 3766 444 3840 praeclarum
458 3765 593 3823 videlicet
606 3785 720 3834 munus,
736 3776 821 3838 atque
846 3764 1067 3822 instrumentum
1091 3765 1216 3822 tribunu-

229 3844 285 3915 tris,
301 3845 337 3901 ad
352 3843 487 3918 aliquem,
501 3843 524 3898 si
539 3855 642 3911 nactus
658 3854 750 3915 ¹esses,
764 3844 813 3918 qui
837 3853 887 3915 tuo
901 3843 1019 3912 arbitrio
1041 3843 1214 3902 tribunatum
1290 3836 1291 3899 l
