2658 4468
177 372 236 434 134
481 369 618 421 ORATIO
639 368 677 420 ut
698 368 737 419 Μ.
758 366 962 419 nummum.

227 514 307 586 bare,
328 533 366 573 ne
385 534 443 573 non
462 523 629 592 putaremus
647 512 750 572 natatu
770 522 799 570 te
817 512 947 590 potuisse
969 521 1029 570 tam
1056 511 1224 590 improbum

227 594 360 665 evadere,
374 594 431 652 nisi
445 593 615 651 accessisset
627 593 715 650 etiam
729 592 903 668 disciplinal
1314 600 1315 605 ’

268 671 355 730 VIII.
389 672 467 730 Tam
482 682 584 739 autem,
592 690 657 729 eras
671 690 781 742 excors,
796 681 837 742 ut,
851 671 911 728 tota
925 670 956 728 in
968 669 1107 741 oratione,
1119 680 1226 728 tecum

228 749 289 826 ipse
301 770 460 827 pugnarem
482 761 584 808 utnon
597 749 683 808 modd
697 770 755 808 non
772 749 947 808 coherentia
960 749 1035 807 inter
1048 768 1079 806 se
1093 750 1225 822 diceres,

193 831 212 885 δ
228 830 279 887 sed
292 827 417 887 maxime
432 829 576 905 disjuncta
596 838 681 904 atque
699 829 858 898 contraria3
880 839 912 884 ut
925 847 983 886 non
997 832 1077 884 tanta
1089 847 1225 900 mecum,

228 918 336 983 quanta
355 918 462 979 tecum,
476 909 529 966 tibi
549 918 625 966 esset
638 907 803 966 contentiol
837 906 983 965 Vitricum
996 916 1078 963 tuum
1092 907 1226 965 intanto

229 986 318 1044 fuisse
331 987 441 1044 scelere
454 987 599 1057 fatebare;
619 987 706 1062 pmnfa
721 985 856 1043 affectum
869 985 1035 1061 querebare.
1069 984 1126 1058 Ita,
1140 987 1226 1061 quod

228 1064 341 1142 proprie
360 1084 458 1124 meum
477 1076 531 1136 est,
544 1065 686 1129 laudasti:
706 1065 782 1139 quod
801 1074 893 1122 totum
913 1063 1030 1122 senatus
1049 1074 1102 1136 est,
1123 1084 1226 1141 repre·

229 1143 374 1201 bendisti:
402 1163 469 1202 nam
496 1143 713 1220 comprehensio
733 1142 867 1214 sontium,
888 1161 972 1213 mea3
997 1143 1224 1215 animadversio,

178 1227 212 1282 10
229 1223 346 1280 senatus
359 1222 421 1280 fuit.
462 1223 559 1281 Homo
579 1222 703 1280 disertus
724 1240 782 1280 non
800 1221 1036 1298 intelligit,·eum,
1049 1240 1135 1297 quem
1149 1241 1225 1280 con·

229 1311 274 1358 tra
287 1301 368 1372 dicit,
382 1301 494 1359 laudari
509 1321 571 1359 ase
579 1321 587 1372 ;
608 1321 668 1371 eos,
683 1301 758 1377 apud
772 1319 843 1375 quos
857 1301 939 1371 dicit,
953 1299 1115 1376 vituperari.

268 1378 336 1436 Jam
363 1380 434 1436 illud
460 1380 543 1455 cujus
569 1390 622 1451 est,
643 1400 701 1438 non
721 1380 788 1437 dico
810 1379 949 1450 audacie,
972 1377 1066 1454 (cupit
1085 1378 1165 1437 enim
1189 1398 1224 1436 se

230 1458 371 1515 audacem
392 1458 466 1594 dizit)
485 1459 536 1516 sed
558 1457 647 1534 (quod
668 1456 787 1515 minime
808 1458 882 1536 vult)
904 1456 1041 1527 stultitiae,
1055 1456 1111 1532 qud
1125 1457 1225 1515 vincit

228 1555 338 1608 omnes,
353 1537 420 1595 clivi
462 1537 589 1614 apitolini
603 1536 778 1594 mentionem
792 1536 899 1607 facere,
910 1533 979 1593 edm
993 1535 1067 1593 inter
1080 1536 1226 1593 subsellia

179 1630 213 1685 15
230 1625 327 1673 nostra
337 1625 484 1674 versentur
499 1616 621 1673 armatil
642 1613 710 1672 crim
725 1615 754 1672 in
769 1616 825 1672 hac
839 1615 914 1672 cellfa
927 1614 1106 1684 Concordiae,
1120 1613 1151 1691 (o
1166 1615 1225 1672 Dii

230 1694 436 1774 immortalesl)
458 1695 488 1752 in
503 1695 571 1770 qud,
588 1712 636 1751 me
656 1693 784 1764 consule,
803 1694 943 1751 salutares
962 1692 1110 1750 sententie
1130 1693 1225 1751 dictae

229 1783 306 1844 sunt,
326 1773 430 1848 quibus
457 1773 494 1831 ad
520 1775 596 1831 hanc
624 1772 702 1830 diem
721 1772 854 1843 viximus,
875 1791 943 1829 cum
963 1771 1066 1848 gladiis
1086 1772 1226 1830 homines

230 1851 363 1910 collocati
373 1861 457 1910 stent.
488 1853 767 1909 Accusasenatum:
790 1869 897 1908 accusa
906 1851 1224 1926 equestremordinem,

230 1929 361 2005 quitum
381 1948 449 1987 cum
469 1941 571 1988 senatu
592 1930 740 2006 copulatus
760 1929 832 1986 fuit:
855 1948 962 1986 accusa
978 1948 1078 1987 omnes
1090 1929 1223 2001 ordines,

176 2018 213 2073 20
229 2027 329 2066 omnes
349 2008 437 2080 cives,
457 2011 527 2067 dum
547 2009 711 2080 confiteare,
732 2008 811 2065 hunc
830 2009 971 2079 ordinem,
992 2009 1047 2067 hoc
1067 2008 1128 2084 ipso
1146 2018 1225 2065 tem-

229 2106 307 2162 pore,
322 2088 359 2144 ab
379 2086 511 2164 Ithyraeis
524 2086 739 2146 circumsederi.
781 2087 856 2144 Hac
875 2096 907 2143 tu
927 2107 985 2144 non
1003 2097 1114 2162 propter
1130 2087 1224 2144 auda-

230 2165 307 2223 ciam
328 2165 402 2223 dicis
423 2178 482 2224 tam
506 2167 696 2244 impudenter,
710 2166 762 2223 sed
781 2166 850 2241 quia
869 2176 979 2223 tantam
998 2184 1094 2222 rerum
1115 2184 1224 2241 repug-

229 2244 359 2302 nantiam
380 2265 438 2303 non
459 2246 546 2303 vides.
588 2245 671 2302 Nihil
693 2243 822 2320 profecto
847 2245 931 2320 sapis.
971 2243 1054 2305 Quid
1075 2253 1117 2300 est
1137 2244 1223 2315 enim

230 2323 402 2394 dementius,
432 2322 529 2399 qudm,
560 2323 628 2382 cum
657 2323 717 2400 ipse
745 2323 910 2401 reipublicae
943 2323 1105 2400 perniciosa
1138 2341 1224 2380 arma

177 2421 213 2475 25
230 2402 351 2479 ceperis,
365 2403 492 2479 objicere
507 2403 588 2460 alteri
602 2402 760 2459 salutarial

270 2483 311 2539 At
334 2482 422 2540 etiam
447 2483 570 2557 quodam
593 2482 657 2539 loco
683 2481 795 2539 facetus
817 2500 880 2539 esse
901 2480 1022 2538 voluisti.
1062 2476 1163 2541 Quam
1190 2479 1223 2537 id

232 2559 296 2631 (Dii
311 2561 409 2639 bouil)
431 2580 489 2618 non
509 2561 650 2618 decebat!
692 2558 729 2617 In
748 2579 805 2635 quo
824 2570 867 2617 est
886 2568 938 2616 tua
957 2559 1043 2635 culpa
1061 2558 1221 2616 nonnulla:

231 2638 340 2712 aliquid
353 2640 431 2695 enim
444 2639 513 2696 salis
527 2639 563 2695 ab
577 2658 665 2696 uxore
678 2638 767 2695 mimi
780 2640 894 2695 trahere
907 2638 1032 2713 potuisti.
1074 2637 1224 2694 “Cedant

231 2718 425 2792 armatogae.''
454 2716 561 2778 Quidl
582 2727 643 2773 tum
663 2735 759 2774 nonne
779 2718 948 2774 cesseruntl
982 2717 1023 2773 At
1042 2727 1140 2792 postea
1159 2716 1223 2772 tuis

177 2809 213 2864 30
232 2794 318 2851 armis
337 2794 424 2851 cessit
443 2804 518 2871 toga
558 2794 733 2856 Quaeramus
757 2795 854 2870 igitur,
875 2804 972 2852 utrum
991 2794 1094 2852 melius
1114 2794 1221 2865 fuerit;

229 2872 355 2929 libertati
380 2872 476 2948 populi
503 2873 631 2931 Romani
658 2872 863 2930 sceleratorum
884 2891 973 2944 arma,
995 2892 1032 2930 an
1054 2873 1223 2930 libertatem

230 2960 356 3009 nostram
377 2951 464 3008 armis
483 2952 550 3023 tuis,
568 2953 680 3009 cedere.
722 2951 789 3010 Nec
809 2949 876 3010 verb
896 2953 950 3009 tibi
970 2952 1006 3009 de
1026 2952 1156 3009 versibus
1176 2971 1224 3009 re·

230 3029 393 3105 spondebo:
413 3039 526 3087 tantum
540 3031 635 3088 dicam
656 3030 790 3101 breviter,
804 3050 898 3106 neque
919 3031 982 3088 illos
994 3049 1088 3105 neque
1102 3029 1176 3086 ullas
1191 3041 1222 3088 te

230 3107 347 3165 omnino
360 3107 458 3166 literas
471 3109 575 3168 adase:
596 3128 643 3166 me
657 3128 713 3166 nec
727 3109 893 3185 reipublice
906 3128 962 3167 nec
976 3109 1077 3167 amicis
1091 3127 1222 3183 unquam

177 3202 213 3256 35
231 3186 367 3258 defuisse,
393 3187 423 3246 ‘et
449 3199 547 3246 tamen
573 3187 651 3246 omni
678 3207 785 3264 genere
812 3198 1061 3246 monumentorum
1089 3206 1222 3244 meorum

229 3266 385 3344 perfecisse
405 3268 499 3345 operis
519 3267 686 3337 subsecivis,
702 3276 733 3323 ut
753 3285 825 3324 meae
838 3266 954 3342 vigilite,
968 3285 1096 3341 meaque
1117 3266 1220 3337 literae,

231 3357 260 3404 et
271 3346 414 3423 juventuti
428 3346 569 3417 utilitatis,
583 3355 612 3403 et
625 3345 736 3403 nomini
750 3345 885 3403 Romano
897 3345 1001 3417 laudis,
1016 3345 1123 3421 aliquid
1138 3344 1222 3402 uffer-

230 3436 303 3484 rent
346 3425 405 3482 Sed
418 3427 481 3483 hac
495 3446 552 3484 non
566 3424 652 3500 hujus
665 3425 816 3500 temporis:
839 3424 874 3480 ad
889 3424 998 3499 majora
1011 3425 1169 3481 veniamus.

270 3504 326 3562 IX.
366 3504 398 3561 P.
424 3505 559 3562 Clodium
585 3523 650 3562 meo
677 3503 796 3561 consilio
820 3502 1003 3560 interfectum
1026 3522 1089 3560 esse
1111 3502 1220 3559 dixisti.

178 3591 213 3644 40
229 3583 382 3645 Quidnam
403 3584 533 3643 homines
552 3592 695 3660 putarent,
710 3583 735 3639 si
749 3592 811 3638 tum
828 3581 942 3639 occisus
960 3590 1045 3652 esset,
1059 3578 1127 3638 cum
1141 3591 1173 3637 tu
1189 3581 1223 3638 il·

230 3662 291 3718 lum
305 3662 335 3718 iu
349 3661 418 3732 foro,
434 3662 612 3738 inspectante
631 3662 735 3738 populo
755 3660 898 3731 Romano,
913 3659 1009 3736 gladio
1028 3660 1127 3717 stricto
1145 3659 1223 3716 inse·

231 3749 316 3796 cutus
336 3759 377 3809 es,
391 3742 594 3816 negotiumque
614 3740 812 3816 transegisses,
827 3738 884 3796 nisi
905 3738 953 3796 ille
973 3758 1005 3796 se
1025 3739 1055 3796 iu
1072 3737 1165 3794 scalas
1178 3747 1222 3794 ta-

231 3818 327 3875 bernae
347 3818 472 3876 librariae
492 3819 672 3894 conjecisset,
694 3819 794 3894 hisque
821 3818 953 3893 oppilatis
980 3818 1116 3893 impetum
1136 3825 1240 3873 tuum·

159 3896 160 3900 ’
232 3894 466 3969 compressissetl
499 3895 585 3974 [Sed]
602 3897 694 3971 quidl
715 3916 769 3972 ego
783 3896 886 3954 favisse
904 3914 951 3954 me
964 3896 1017 3954 tibi
1028 3896 1118 3954 fateor
1125 3914 1133 3965 ;
1154 3912 1222 3951 sua·
