2658 4468
344 379 482 429 ORATIO
503 380 574 430 PRO
596 381 629 432 Τ.
650 381 765 432 ANNIO
787 381 939 433 MILONE.
1130 384 1188 445 lm

141 524 226 582 claro
238 531 336 580 motu:
357 522 415 580 nisi
436 522 508 582 sorte
523 524 634 584 idcirco
646 544 709 583 esse
732 545 790 584 non
803 536 915 602 putant,
930 524 1070 600 quianon
1091 545 1138 602 ap-

141 611 237 678 paret,
251 621 307 659 nec
329 602 473 659 cernitur:
494 603 614 679 proinde
635 604 717 680 quasi
740 614 867 662 nostram
888 605 979 681 ipsam
999 614 1137 676 mentem,

143 681 203 754 quii
217 681 354 755 sapimus,
368 680 425 755 quai
438 682 630 756 providemus,
644 683 701 758 qud
716 684 779 740 haec
793 682 856 759 ipsa
877 683 989 760 agimus
1010 702 1045 740 ac
1066 684 1138 741 dici·

144 777 220 829 mus,
235 759 342 829 videre,
358 769 408 816 aut
430 758 526 835 plane,
549 761 641 836 qualis
665 775 715 818 aut
727 762 778 818 ubi
800 761 846 831 sit,
860 762 967 819 sentire
986 761 1134 837 possimus.

144 835 192 894 Ea
212 837 265 908 vis,
279 855 316 894 ea
338 846 382 895 est
404 838 490 914 igitur
505 838 576 916 ipsa,
598 859 661 915 quae
682 859 756 916 srepe
777 839 961 898 incredibiles
981 840 1051 897 huic
1071 839 1135 898 urbi
1166 843 1185 896 5

145 914 300 972 felicitates
314 925 399 990 atque
412 936 480 992 opes
495 918 599 988 attulit,
612 937 676 993 quae
690 917 768 974 illam
781 918 939 994 perniciem
953 918 1087 975 exstinxit
1100 937 1135 977 ac

145 994 276 1063 sustulit;
299 994 348 1052 cui
360 993 485 1070 primum
499 1007 625 1053 mentem
650 996 759 1071 injecit,
774 1006 806 1053 ut
818 997 846 1054 vi
868 996 990 1066 irritare,
1005 997 1135 1071 ferroque

144 1071 299 1144 lacessere,
328 1073 512 1130 fortissimum
532 1075 625 1132 virum
646 1075 774 1144 auderet,
794 1075 1013 1148 vincereturque
1034 1075 1071 1131 ub
1090 1095 1134 1147 eo,

146 1169 232 1225 quem
253 1151 278 1209 si
297 1150 423 1221 vicisset,
447 1153 597 1210 habiturus
624 1161 700 1210 esset
720 1153 919 1229 impunitatem
939 1163 968 1211 et
987 1153 1135 1210 licentiam

145 1230 358 1306 sempiternam.
399 1229 468 1287 Non
481 1241 525 1288 est
535 1233 661 1289 humano
669 1231 798 1302 consiliu,
808 1250 847 1289 ne
860 1230 999 1289 mediocri
1007 1231 1133 1305 quidem,
1149 1243 1183 1297 10

151 1308 276 1383 judices,
292 1307 420 1365 Deorum
435 1308 638 1367 immortalium
659 1309 739 1379 curi,
753 1329 803 1366 res
815 1309 864 1366 illa
876 1310 1012 1385 perlecta.
1053 1309 1135 1367 Reli·

144 1386 246 1463 giones
261 1385 454 1466 (mehercule)
470 1387 547 1463 ipsae,
561 1406 625 1463 quae
639 1388 718 1445 illam
732 1388 857 1445 belluam
872 1388 976 1445 cadere
990 1388 1133 1461 viderunt,

68 1473 76 1479 ’
144 1464 306 1523 commdsse
319 1484 351 1523 se
374 1465 516 1538 videntur,
538 1476 568 1524 et
586 1466 634 1542 jus
655 1467 686 1524 in
700 1467 748 1524 illo
768 1485 851 1523 suum
871 1467 1032 1524 retinuisse.
1073 1467 1134 1525 Vos

144 1543 224 1601 enim
241 1544 311 1619 jam,
337 1543 446 1601 Albani
467 1545 570 1602 tumuli
594 1555 679 1619 atque
697 1544 767 1616 luci,
788 1564 846 1616 vos,
867 1543 995 1620 inquam,
1016 1545 1134 1621 imploro

145 1631 231 1696 atque
245 1633 342 1693 testor,
356 1641 472 1697 vosque,
487 1624 666 1681 Albanorum
679 1625 788 1682 obrutae
803 1642 869 1695 arae,
878 1642 1024 1682 sacrorum
1037 1624 1132 1700 populi
1147 1631 1183 1684 15

143 1699 273 1759 Romani
287 1701 373 1759 sociae
393 1711 423 1758 et
436 1702 569 1779 aquales,
590 1721 662 1778 quas
680 1703 738 1772 ille,
751 1721 879 1779 praeceps
899 1702 1035 1773 amentid,
1050 1702 1133 1760 caesis

142 1779 347 1854 prostratisque
367 1781 556 1838 sanctissimis
576 1781 660 1853 lucis,
687 1781 931 1839 substructionum
952 1781 1061 1839 insanis
1074 1800 1132 1839 mo-

144 1857 222 1914 libus
234 1869 425 1934 oppresserat;
447 1870 547 1917 vestrm
567 1868 629 1916 tum
653 1878 719 1930 arm,
733 1869 833 1917 vestrae
854 1859 1017 1936 religiones,
1036 1860 1133 1935 rigue-

147 1945 231 2005 runt;
251 1947 343 1993 vestra
362 1937 404 1994 vis
434 1938 532 2009 valuit,
558 1957 644 2015 quam
665 1939 714 1996 ille
740 1939 819 1997 omni
847 1939 956 1996 scelere
974 1937 1115 2015 polluerat
1122 1959 1130 2009 ;

147 2022 247 2088 tuque,
261 2034 296 2071 ex
308 2024 356 2073 tuo
368 2015 445 2074 edito
458 2027 564 2088 monte,
579 2017 703 2075 Latiaris
723 2028 823 2076 sancte
843 2016 966 2094 Jupiter,
980 2017 1063 2092 cujus
1083 2018 1131 2076 ille
1145 2032 1181 2086 20

145 2090 240 2162 lacus,
254 2112 376 2165 nemora,
390 2095 528 2170 finesque,
543 2115 617 2172 saepe
637 2086 722 2154 omni
730 2096 841 2154 nefario
854 2105 951 2173 stupro
971 2106 1001 2154 et
1022 2096 1131 2155 scelere

144 2171 315 2243 macularat,
336 2173 489 2249 aliquando
512 2175 548 2231 ad
569 2193 634 2232 eum
658 2175 836 2251 puniendum
855 2176 954 2233 oculos
978 2175 1130 2251 aperuisti:

142 2249 225 2306 vobis
238 2250 302 2322 illae,
317 2252 396 2310 vobis
410 2263 503 2310 vestro
524 2253 554 2310 in
576 2263 742 2330 conspectu,
764 2273 846 2323 serm,
868 2254 919 2310 sed
930 2253 1014 2329 justae
1034 2262 1132 2311 tamen

141 2336 173 2385 et
187 2328 299 2400 debitae,
326 2350 418 2406 poeuae
438 2331 537 2389 solutae
557 2341 632 2389 sunt.
674 2331 741 2389 Nisi
769 2329 840 2389 sortd
862 2332 918 2388 hoc
945 2331 1032 2388 etiam
1060 2350 1131 2388 casu

141 2406 251 2464 factum
266 2427 329 2466 esse
343 2410 483 2480 dicemus,
498 2420 539 2481 ut,
555 2420 622 2467 ante
645 2409 738 2485 ipsum
762 2410 921 2467 sacrarium
941 2408 1028 2466 Bonae
1049 2408 1129 2479 Deae,
1143 2418 1179 2473 25

140 2486 218 2559 quod
231 2497 275 2543 est
289 2487 319 2545 in
334 2487 422 2545 suudo
435 2488 474 2546 T.
488 2488 580 2546 Sextii
594 2489 682 2559 Galli,
697 2489 727 2545 in
740 2488 841 2564 primis
861 2486 973 2545 honesti
994 2496 1024 2544 et
1036 2488 1131 2545 ornati

113 2606 116 2611 »
141 2565 343 2636 adolescentis,
359 2577 425 2624 ante
440 2567 540 2643 ipsam,
555 2567 682 2642 inquam,
697 2568 808 2624 Bonam
828 2565 931 2636 Deam,
947 2562 1015 2622 crim
1037 2565 1131 2641 proeli·

139 2662 190 2700 um
205 2645 404 2716 commisisset,
418 2645 543 2722 primum
565 2647 636 2703 illud
660 2646 762 2704 vulnus
777 2646 930 2720 acciperet,
946 2663 1002 2718 quo
1021 2645 1131 2702 teterri-

139 2740 218 2778 mam
238 2732 359 2780 mortem
388 2725 497 2794 obiret3
519 2735 551 2782 ut
571 2745 628 2782 non
650 2725 795 2783 absolutus
819 2723 930 2800 judicio
950 2723 998 2780 illo
1018 2723 1130 2782 nefario

140 2800 295 2870 videretur,
310 2804 360 2860 sed
376 2804 411 2860 ad
426 2805 502 2860 hanc
516 2803 659 2880 insignem
672 2823 786 2880 poenam
800 2813 970 2861 reservatus.
1141 2809 1177 2864 30

180 2879 315 2937 XXXII.
337 2880 403 2939 Nec
417 2880 484 2939 verd
499 2901 557 2940 nou
571 2883 673 2940 eadem
687 2883 729 2940 ira
743 2883 870 2940 Deorum
881 2884 956 2939 hanc
970 2880 1031 2956 ejus
1045 2882 1129 2939 satel-

138 2956 239 3014 litibus
260 2958 363 3034 injecit
389 2960 554 3031 amentiam,
583 2971 624 3031 ut,
652 2961 714 3020 sine
745 2961 928 3038 imaginibus,
956 2960 1019 3018 sine
1040 2972 1127 3018 cantu

140 3044 226 3109 atque
240 3036 325 3108 ludis,
340 3038 401 3096 sine
415 3039 569 3112 exsequiis,
583 3039 645 3097 sine
665 3040 807 3110 lamentis,
822 3040 884 3097 sine
904 3038 1135 3109 laudationibus,

138 3114 202 3171 sine
224 3115 332 3188 sunere,
347 3118 451 3175 oblitus
472 3137 574 3175 cruore
600 3128 629 3175 et
648 3118 717 3189 luto,
742 3119 878 3194 spoliatus
905 3117 981 3174 illius
1001 3117 1126 3192 supremi

138 3192 198 3249 diei
213 3194 380 3252 celebritate
393 3215 479 3270 quam
494 3197 653 3254 concedere
673 3197 761 3254 etiam
781 3195 891 3253 inimici
913 3195 1013 3265 solent,
1029 3195 1127 3251 ambu·
1139 3197 1175 3250 35

137 3282 249 3329 reretur
264 3274 400 3349 abjectus.
441 3274 508 3332 Non
532 3274 618 3332 luisse
639 3276 726 3333 credo
748 3275 800 3344 sas,
815 3273 1037 3331 clarissimorum
1055 3274 1127 3329 viro-

137 3368 202 3407 rum
224 3351 328 3409 sormas
348 3353 389 3409 illi
409 3354 555 3411 teterrimo
574 3353 723 3430 parricidae
745 3352 853 3426 uliquid
880 3351 992 3409 decoris
1013 3350 1125 3421 afferre,

137 3447 233 3502 neque
247 3430 305 3489 ullo
318 3431 348 3488 iu
362 3431 425 3489 loco
437 3429 532 3508 potiris
545 3442 665 3490 mortem
679 3430 741 3507 ejus
760 3428 892 3500 lacerari,
913 3426 1000 3503 quiam
1020 3427 1050 3485 in
1069 3447 1125 3503 quo

136 3507 197 3563 vita
210 3518 286 3565 esset
306 3510 450 3567 damnata.

178 3584 260 3642 Dura
273 3587 343 3644 mihi
359 3586 597 3665 (mediusfidius)
615 3587 676 3663 jam
696 3587 809 3644 fortuna
827 3585 923 3663 populi
937 3583 1074 3655 Romani,
1095 3596 1125 3644 et
1137 3597 1172 3650 40

136 3663 272 3734 crudelis,
286 3665 445 3738 videbatur,
460 3686 523 3741 qnae
538 3675 578 3723 tot
593 3685 682 3723 annos
696 3665 776 3723 illum
791 3665 820 3722 in
831 3666 907 3723 hanc
916 3663 1123 3740 rempublicam

135 3741 275 3801 insultare
289 3744 397 3802 videret
410 3756 440 3802 et
450 3753 603 3822 pateretur.
646 3744 790 3802 Polluerat
809 3754 906 3820 stupro
925 3742 1122 3801 sanctissimus

134 3821 308 3897 religiones:
329 3825 445 3881 senatus
463 3823 631 3900 gravissima
644 3823 761 3879 decreta
782 3824 975 3899 perfregerat:
997 3825 1122 3902 pecunia

132 3919 166 3958 se
189 3899 286 3977 paldm
300 3920 317 3959 c
333 3901 480 3979 judicibus
502 3901 680 3960 redemerat:
701 3901 818 3959 vexarat
834 3903 864 3959 in
877 3903 1025 3960 tribunatu
1039 3919 1121 3958 senc-

731 4136 751 4169 N
