2658 4468
156 370 214 430 124
411 368 549 420 ORATIO
570 367 641 419 PRO
662 367 694 419 Τ.
715 366 831 417 anuto
851 366 1002 417 MILONE.

202 520 282 570 tum:
301 512 430 570 omnium
443 511 577 570 ordinum
589 529 732 570 consensu
745 529 796 586 pro
817 509 910 568 salute
923 509 1089 585 reipublicae
1109 518 1194 587 gesta

203 590 377 649 resciderat:
397 589 718 667 mepatridexpulerat;
739 587 996 664 bonadiripuerat3
1017 589 1134 646 domum
1149 589 1193 648 in-

203 670 357 738 cenderat3
378 669 493 739 liberos,
507 667 660 745 conjugem
674 685 779 738 meam,
793 676 962 725 vexaverat:
983 668 1038 724 Cn.
1053 667 1193 743 Pompeio

203 747 345 806 nefarium
358 747 466 805 bellum
480 747 641 805 indixerat:
661 745 880 822 magistratuum
892 745 1122 820 privatorumque
1137 765 1193 803 cae-

171 827 255 890 5dca
275 826 402 883 lecerat:
423 826 539 883 domum
562 826 620 883 mei
644 825 739 882 fratris
759 823 945 881 incenderat:
967 824 1091 881 vastarat
1105 824 1192 881 Etru-

203 906 295 962 riam:
316 905 421 962 multos
443 904 560 961 sedibus
583 922 619 961 ac
636 902 756 960 fortunis
776 901 910 977 ejecerat.
952 901 1092 972 Instabat,
1107 921 1192 978 urge-

203 982 271 1041 bat:
292 1001 395 1059 capere
409 981 471 1059 ejus
491 981 645 1039 amentiam
666 980 777 1051 civitas,
795 979 891 1050 ItaIIa,
904 980 1068 1056 provincie,
1089 999 1191 1056 regna,

203 1081 261 1119 non
280 1071 419 1137 poterant
460 1059 667 1118 Incidebautur
685 1058 746 1135 jam
765 1058 843 1116 domi
862 1058 952 1134 leges,
972 1077 1035 1134 quae
1055 1079 1108 1116 nos
1127 1079 1191 1116 nos·

203 1141 255 1197 tris
275 1139 365 1197 sarris
385 1138 571 1196 addicerent:
600 1138 672 1195 nihil
693 1146 756 1194 erat
776 1136 955 1213 cujusquam,
977 1138 1051 1213 quod
1072 1138 1191 1211 quidem

155 1212 190 1267 1⁰
204 1219 252 1276 ille
273 1217 444 1288 adamdsset,
459 1217 534 1293 quod
554 1236 611 1274 non
625 1217 680 1274 hoc
700 1234 777 1273 anno
796 1234 881 1271 suum
895 1215 954 1273 lore
967 1225 1088 1291 putaret.
1130 1215 1193 1272 Ob-

203 1297 297 1353 stabat
316 1295 378 1371 ejus
408 1295 629 1371 cogitationibus
656 1313 751 1363 nemo,
771 1303 873 1369 praeter
900 1292 1050 1352 Milonem.
1091 1293 1191 1370 Ipsum

203 1374 294 1445 illum,
307 1373 356 1447 qui
376 1383 487 1449 poterat
505 1373 628 1442 obstare,
642 1392 715 1430 novo
728 1372 823 1429 reditu
843 1372 873 1430 in
897 1373 1019 1448 gratiam
1040 1373 1122 1447 quasi
1143 1374 1193 1430 de-

202 1453 330 1510 vinctum
345 1452 555 1510 arbitrabatur:
576 1451 700 1508 Caesaris
712 1451 870 1527 potentiam
883 1469 965 1509 suam
979 1471 1043 1509 esse
1056 1452 1191 1509 dicebat:

202 1532 342 1589 bonorum
356 1530 467 1589 animos
479 1530 567 1589 etiam
580 1530 610 1588 in
624 1549 689 1588 meo
702 1549 773 1589 casu
784 1540 1011 1607 contempserat:
1032 1530 1106 1589 Milo
1115 1550 1193 1589 unus

154 1616 189 1670 15
203 1630 237 1668 ur
275 1609 331 1666 bat

275 1687 394 1746 XXIII.
436 1687 497 1746 Hic
516 1686 567 1744 Dii
587 1686 762 1749 immortales
790 1685 836 1765 (ut
855 1685 941 1763 supri
968 1686 1041 1766 dixi)
1063 1699 1192 1746 mentem

203 1768 344 1825 dederunt
364 1766 406 1824 illi
432 1766 543 1843 perdito
563 1785 599 1824 ac
621 1765 737 1836 furioso,
765 1775 797 1823 ut
826 1765 895 1824 huic
923 1765 1032 1825 faceret
1061 1766 1190 1825 insidias.

203 1846 297 1903 Aliter
317 1845 410 1922 perire
429 1846 518 1922 pestis
532 1845 581 1903 illa
603 1864 661 1902 non
683 1845 792 1920 potuit:
813 1863 960 1918 nunquam
981 1845 1061 1902 illum
1075 1848 1193 1922 respub-

202 1924 260 1982 lica
280 1943 333 1982 suo
349 1923 414 1999 jure
440 1934 516 1982 esset
535 1924 603 1981 ulta
658 1924 784 1981 Senatus
811 1923 929 2004 (credo)
954 1933 1103 1999 pratorem
1123 1944 1190 1982 eum

152 2005 189 2059 20
203 2001 483 2078 circumscripsisset.
538 2002 596 2073 Ne,
617 1999 685 2060 crim
715 2001 825 2060 solebat
844 2002 961 2078 quidem
982 2001 1012 2058 id
1032 2002 1139 2074 lacere,
1159 2003 1191 2062 iu

202 2081 311 2158 privato
324 2081 426 2139 eodem
440 2082 504 2153 hoc,
520 2081 627 2156 aliquid
646 2081 815 2157 profecerat
857 2086 906 2138 Au
919 2080 1051 2138 consules
1071 2081 1103 2138 in
1121 2101 1192 2158 pra·
1245 2106 1251 2111 ·

203 2170 264 2218 tore
289 2160 451 2219 codrcendo
480 2160 567 2218 sortes
594 2159 736 2218 luissentl
777 2156 917 2230 Primhm,
944 2158 1055 2217 Milone
1081 2161 1190 2232 occiso,

203 2238 350 2297 habuisset
363 2257 430 2296 suos
443 2239 583 2297 consules.
624 2238 749 2310 Deinde,
764 2238 828 2312 quis
851 2237 881 2297 in
895 2257 930 2296 eo
949 2248 1069 2314 praetore
1090 2240 1190 2298 consul

203 2317 282 2376 l'ortis
295 2327 381 2389 esset,
394 2335 444 2394 per
457 2336 543 2392 quem
557 2317 715 2388 tribunum,
737 2317 828 2374 virum
850 2316 1030 2375 consularem
1054 2317 1193 2377 crudelis

151 2396 188 2451 25
202 2395 275 2454 simei
290 2406 422 2455 vexatum
435 2412 509 2456 'esse
532 2396 729 2454 meminissetl
768 2395 965 2473 Oppressisset
983 2396 1089 2467 omnia,
1103 2396 1191 2473 possi-

202 2475 293 2546 deret,
307 2485 427 2546 teneret,
442 2476 507 2553 lege
520 2476 603 2546 nova,
617 2493 682 2550 quae
695 2475 864 2533 estimenta
878 2475 953 2550 apud
967 2493 1111 2532 eumcum
1125 2476 1191 2533 reli-

202 2554 266 2628 quis
279 2555 392 2632 legibus
405 2554 570 2613 Clodianis:
592 2573 688 2612 servos
711 2564 821 2612 nostros
841 2554 958 2612 libertos
978 2572 1044 2610 suos
1064 2553 1187 2612 lecisset.

202 2631 362 2704 Postremd,
376 2633 432 2690 nisi
456 2652 522 2691 eum
546 2632 598 2690 Dii
622 2632 797 2690 immortales
817 2632 847 2690 in
867 2651 932 2690 eam
952 2641 1078 2689 mentem
1099 2631 1190 2709 impu·

202 2711 312 2780 lissent,
333 2722 365 2768 ut
392 2712 477 2769 homo
506 2711 699 2769 effoeminatus
719 2711 903 2769 fortissimum
924 2711 1016 2769 virum
1037 2722 1189 2770 conaretur

151 2799 188 2854 30
201 2789 346 2859 occidere,
361 2789 446 2846 hodie
460 2789 669 2865 rempublicam
683 2791 792 2848 nullam
805 2788 958 2848 haber'etis.

242 2868 291 2925 An
306 2867 354 2925 ille
366 2877 478 2943 prator,
493 2867 541 2925 ille
556 2867 623 2926 verb
645 2871 755 2940 consul,
769 2869 793 2926 si
807 2867 892 2926 modi)
907 2869 970 2925 haec
982 2867 1089 2944 templa
1103 2876 1188 2942 atque

202 2946 264 3022 ipsa
277 2945 384 3003 muenia
397 2955 473 3004 stare
487 2965 522 3004 eo
534 2945 598 3004 vivo
617 2948 739 3018 tamdiu,
753 2956 783 3005 et
803 2947 983 3005 constrlatum
997 2946 1059 3021 ejus
1072 2966 1189 3022 exspec-

102 3020 105 3025 ’
201 3036 263 3082 tare
288 3024 456 3100 potuissent,
478 3024 526 3082 ille
553 3025 678 3100 denique
698 3025 788 3096 vivus,
808 3024 876 3082 mali
897 3024 969 3082 nihil
993 3025 1117 3095 lecisset,
1138 3024 1187 3099 qui

201 3113 338 3175 mortuus,
353 3123 411 3161 uno
431 3123 467 3161 es
486 3103 546 3161 suis
566 3104 737 3163 satellitibus
757 3105 823 3162 Seia
848 3103 951 3161 Clodio
970 3103 1055 3174 duce,
1077 3105 1187 3162 curiam

150 3189 186 3243 35
202 3182 382 3240 incenderitl
421 3183 493 3245 Quo
512 3183 581 3259 quid
606 3182 747 3253 miserius,
761 3182 830 3257 quid
852 3182 993 3252 acerbius,
1007 3182 1077 3256 quid
1096 3182 1189 3239 luctu·

200 3262 287 3332 osius,
301 3258 447 3320 vidimusl
487 3260 642 3338 Templum
663 3261 832 3331 sanctitatis,
848 3260 1052 3336 amplitudinis,
1072 3260 1185 3332 mentis,

201 3340 313 3398 consilii
326 3339 444 3417 publici,
454 3350 540 3415 caput
552 3338 668 3430 [urbia]
681 3358 759 3398 aram
773 3336 925 3408 sociorum,
933 3349 1045 3416 portum
1057 3340 1186 3397 omnium

200 3420 340 3494 gentium,
355 3419 453 3476 sedem
468 3418 504 3474 ab
517 3437 650 3476 universo
671 3418 774 3494 populo
797 3418 932 3476 Romano
948 3436 1115 3476 concessam
1135 3417 1186 3475 uni

200 3498 304 3568 ordini,
319 3495 501 3567 inflammari,
516 3497 656 3568 exscindi,
672 3496 827 3554 funestaril
849 3515 943 3571 neque
964 3497 994 3553 id
1007 3495 1070 3553 lieri
1085 3515 1102 3553 a
1115 3496 1187 3553 mul-

150 3574 186 3629 40
201 3575 324 3633 titudine
344 3574 476 3650 imperita
497 3573 674 3651 (quanquam
694 3585 769 3632 esset
788 3574 923 3631 miserum
945 3575 975 3633 id
996 3574 1113 3653 ipsum),
1134 3574 1185 3631 sed

202 3653 239 3710 ab
251 3672 309 3710 uno
319 3672 326 3722 ;
348 3653 408 3726 qui,
427 3650 495 3709 cum
514 3663 626 3711 tantum
646 3670 733 3709 ausus
753 3652 790 3709 sit
809 3664 886 3710 ustor
905 3672 956 3729 pro
975 3663 1096 3721 mortuo,
1116 3652 1185 3726 quid

201 3730 320 3804 signifer
339 3749 390 3804 pro
413 3729 476 3787 vivo
499 3750 556 3787 non
576 3741 652 3786 esset
672 3732 783 3787 aususl
824 3730 859 3789 In
875 3733 986 3789 curiam
1005 3727 1185 3807 potissimum

202 3806 317 3883 abjecit,
331 3817 363 3864 ut
376 3825 442 3864 eam
455 3817 583 3864 mortuus
596 3807 773 3880 incenderet,
788 3828 874 3884 quam
895 3811 976 3868 vivus
995 3818 1142 3868 everterat
