2658 4468
383 341 520 391 ORATIO
542 341 612 391 PRO
633 341 774 391 ARCHIA
796 340 922 392 POETA.
1158 343 1199 402 95

155 496 187 546 et
200 487 361 544 moderatos
374 496 403 544 et
416 503 518 562 graves
531 484 683 557 exstitisse,
694 485 801 543 fateor:
822 484 910 542 etiam
924 483 994 541 nlud
1010 483 1146 560 adjungo,

157 586 197 623 sae
218 566 263 622 ius
283 565 319 621 ad
347 565 463 622 laudem
485 574 570 638 atque
591 564 724 620 virtutem
752 573 884 621 naturam
913 563 975 620 sine
1003 563 1145 635 doctrina,

157 664 197 720 qu
266 643 328 702 siue
344 644 449 701 natural
464 643 586 699 valuisoe
600 642 768 699 doctrinam.
810 643 907 717 Atque
921 642 998 699 idem
1011 661 1066 718 ego
1079 660 1147 699 con·

158 724 254 794 tando,
269 721 338 780 crim
359 723 395 779 ad
415 731 548 779 naturam
568 720 704 778 eximiam
725 731 809 796 atque
830 721 969 777 illustrem
991 721 1146 778 accesserit

157 803 231 859 ratio
244 801 376 876 quadam
390 799 633 873 conformatioque
647 799 794 870 doctrina,
808 810 870 857 tum
884 799 955 856 illud
968 799 1067 857 nescio
1077 800 1145 874 quid
1179 792 1199 847 5

156 880 327 957 praeclarum
348 899 384 936 ac
403 879 549 955 singulare
569 877 660 934 solere
680 877 835 935 exsistere:
856 897 892 935 cx
912 878 967 934 hoc
987 897 1050 935 esse
1068 878 1146 936 bunc

157 977 289 1029 numero,
312 976 398 1032 quem
426 969 522 1033 patres
551 955 640 1012 nostri
668 955 810 1027 viderunt,
832 956 961 1013 divinum
990 957 1145 1028 hominem,

157 1037 348 1106 Africanum
370 1055 406 1094 ex
425 1037 481 1093 hoc
501 1036 536 1092 C.
557 1034 690 1105 Latium,
704 1033 738 1090 L.
754 1034 885 1105 Furium,
905 1034 1146 1092 moderatissimos

158 1115 289 1172 homines
309 1125 338 1172 et
358 1113 634 1181 continentissImos3
659 1132 695 1168 ex
715 1113 771 1170 hoc
790 1112 975 1170 fortissimum
995 1113 1097 1184 virum,
1117 1123 1147 1170 et

158 1193 216 1250 illis
243 1194 417 1269 temporibus
443 1191 651 1261 doctissimum,
679 1189 720 1248 M.
745 1192 887 1249 Catonem
921 1191 1001 1248 illum
1028 1210 1145 1263 senem;
1164 1188 1199 1243 1⁰

157 1272 217 1347 qui,
237 1271 377 1348 profecto,
398 1272 423 1328 si
450 1271 522 1328 nihil
553 1270 590 1327 ad
616 1270 832 1346 percipiendam
860 1270 1067 1345 colendamque
1093 1270 1148 1328 vir·

157 1359 249 1407 tutem
275 1350 366 1408 literis
393 1351 605 1426 adjuvarentur,
625 1367 773 1424 nunquam
792 1367 824 1406 se
844 1348 881 1406 ad
900 1367 1000 1406 earnm
1020 1349 1146 1406 studium

157 1429 354 1486 contulissent.

195 1506 288 1568 Qudd
306 1507 331 1564 si
349 1528 405 1565 non
424 1507 473 1565 bic
491 1515 589 1563 tantus
606 1507 717 1565 fructus
735 1507 943 1576 ostenderetur,
958 1519 988 1563 et
1005 1505 1029 1563 si
1046 1525 1083 1564 ex
1100 1507 1147 1563 his

157 1586 260 1643 studiis
274 1586 429 1644 delectatio
441 1586 503 1643 sola
514 1595 677 1660 peteretur;
697 1593 794 1641 tamen
810 1583 856 1660 (ut
868 1584 981 1663 opinor)
996 1586 1073 1643 hanc
1087 1586 1147 1642 ani·
1164 1589 1198 1643 15

158 1665 197 1721 mi
213 1662 438 1744 [remissionem]
455 1663 692 1721 humanissimam
707 1681 742 1719 ac
755 1662 985 1720 liberalissimam
1003 1663 1147 1738 judicare·

157 1743 203 1799 tis.
243 1742 322 1799 Nam
340 1753 446 1801 caetera
465 1761 560 1817 neque
577 1752 736 1818 temporum
755 1750 822 1798 sunt
838 1760 933 1816 neque
952 1751 1068 1798 aetatum
1087 1761 1147 1800 om·

158 1821 249 1891 nium,
269 1840 364 1896 neque
392 1822 538 1880 locorum:
569 1821 632 1877 lraec
662 1820 758 1876 studia
778 1820 1001 1877 adolescentiam
1024 1818 1142 1900 [alunt,]

159 1909 336 1956 senectutem
355 1901 512 1970 oblectant,
527 1900 670 1956 secundas
689 1916 735 1954 res
755 1908 867 1969 ornant,
882 1898 1008 1956 adversis
1021 1899 1145 1976 perlirgi·
1191 1916 1195 1923 ¹

160 1994 209 2032 um
224 1995 259 2034 ac
272 1978 404 2035 solatium
416 1978 553 2054 praebent,
564 1978 710 2034 delectant
723 1977 809 2047 domi,
824 1997 881 2035 non
895 1977 1054 2054 impediunt
1067 1978 1144 2050 loris,
1161 1979 1198 2033 20

158 2065 327 2130 pernoctant
353 2057 512 2126 nobiscum,
532 2056 761 2132 peregrinantur,
781 2056 965 2113 rusticantur.
1005 2055 1096 2118 Quod
1120 2056 1145 2114 si

159 2132 214 2208 ipsi
228 2134 291 2190 haec
301 2153 394 2208 neque
408 2135 547 2210 attingere
557 2153 651 2209 neque
661 2153 747 2191 sensu
757 2144 852 2192 nostro
862 2143 1144 2211 gustarepossemus,

158 2221 258 2268 tamen
272 2231 308 2268 ea
321 2213 418 2270 mirari
432 2213 611 2284 deberemus,
625 2212 712 2270 etiam
727 2209 794 2270 crim
810 2213 840 2270 in
855 2213 918 2270 aliis
931 2213 1100 2271 videremus.

198 2289 287 2347 VIII.
321 2290 400 2351 Quis
418 2290 545 2348 nostrrim
565 2301 624 2348 tarn
646 2291 742 2348 animo
762 2293 867 2367 agresti
889 2310 924 2348 ac
944 2292 1016 2349 duro
1035 2291 1098 2361 fuit,
1112 2301 1146 2348 ut

158 2368 263 2426 Roscii
277 2378 368 2426 morte
381 2387 470 2444 nuper
484 2389 541 2436 non
559 2371 805 2427 commovereturl
825 2370 874 2444 qui
888 2367 956 2426 cdm
970 2378 1045 2426 esset
1058 2388 1145 2427 senex
1161 2378 1198 2432 25

159 2455 298 2516 mortuus,
319 2456 426 2517 tamen,
445 2458 557 2524 propter
579 2449 769 2506 excellentem
790 2458 880 2505 artem
902 2466 936 2504 ac
956 2457 1144 2520 venustatem,
1167 2460 1171 2467 '

159 2525 310 2582 videbatur
332 2525 449 2583 omnino
474 2527 545 2585 mori
571 2547 630 2584 non
656 2527 798 2584 debuisse.
841 2526 919 2602 Ergo
945 2525 993 2583 ille
1021 2528 1145 2602 corporis

159 2613 238 2661 motu
259 2613 370 2661 tanturn
389 2623 514 2662 amorem
531 2605 587 2661 sibi
604 2604 773 2663 conciliarat
792 2623 809 2662 a
827 2605 909 2662 nobis
922 2603 1070 2675 omnibus}
1092 2626 1144 2665 nos

160 2683 319 2754 animorum
333 2683 517 2741 incredibiles
529 2692 623 2740 motus
637 2683 870 2758 celeritatemque
883 2682 1063 2760 ingeniorum
1077 2705 1145 2762 neg·

157 2760 302 2837 ligemusl
335 2762 461 2823 Quoties
481 2781 536 2838 ego
562 2762 641 2819 bunc
668 2762 808 2819 Archiam
828 2762 896 2834 vidi,
921 2762 1044 2838 jndices,
1066 2761 1144 2841 (utar
1160 2768 1197 2823 30

157 2839 235 2896 euim
256 2839 350 2897 vestri
369 2840 558 2916 benignitate,
580 2840 715 2915 quoniam
737 2860 793 2911 me,
816 2842 845 2898 in
868 2842 923 2898 hoc
944 2860 1017 2898 novo
1037 2861 1144 2918 genere

157 2917 284 2989 dicendi,
298 2928 358 2975 tam
372 2919 525 2995 diligenter
539 2918 699 2997 attenditis)
714 2919 825 2994 quoties
838 2939 892 2996 ego
905 2921 984 2978 hunc
996 2920 1065 2992 ridi,
1076 2920 1146 2979 crim

156 2995 269 3053 literam
296 2996 456 3072 scripsisset
482 2996 602 3068 nullam,
628 3016 766 3074 magnum
795 3017 947 3056 numerum
972 2999 1144 3073 optimorum

157 3093 291 3131 versuum
312 3075 349 3133 de
369 3075 414 3132 his
434 3075 503 3151 ipsis
523 3076 609 3133 rebus
629 3095 691 3152 quae
718 3085 780 3132 tum
807 3086 970 3152 agerentur,
991 3077 1089 3135 dicere
1109 3097 1144 3135 ex

157 3154 299 3228 ternpore!
321 3154 432 3228 quoties
445 3164 610 3213 revocatum
630 3156 752 3212 eandem
766 3173 827 3211 rem
840 3155 948 3224 dicere,
963 3157 1145 3212 commutatis
1161 3159 1197 3213 35

157 3232 252 3288 verbis
266 3241 350 3306 atque
364 3233 530 3291 sententiis!
552 3251 615 3308 quae
628 3231 696 3290 verb
711 3232 847 3290 accurate
863 3230 1045 3308 cogitateque
1059 3236 1146 3310 scrip-

158 3309 251 3379 sisset,
266 3329 301 3367 ea
321 3311 364 3368 sic
384 3311 441 3368 vidi
462 3313 585 3387 probari,
600 3321 632 3368 ut
650 3312 687 3368 ad
704 3320 832 3368 veterum
846 3311 1016 3385 scriptorum
1029 3310 1145 3368 laudem

157 3388 347 3464 pervenirent.
389 3388 479 3448 Hunc
499 3409 554 3466 ego
580 3410 638 3448 uon
658 3389 800 3465 diligaml
832 3408 891 3447 non
912 3388 1056 3446 admirerl
1086 3408 1145 3447 non

157 3467 236 3525 omni
250 3467 361 3525 ratione
373 3467 587 3526 defendendum
600 3469 717 3543 puteml

198 3545 289 3619 Atqui
312 3545 356 3602 sic
376 3565 393 3603 a
413 3546 532 3603 summis
558 3545 721 3603 hominibus
748 3544 1005 3621 eruditissimisque
1033 3547 1145 3624 accepi·
1161 3548 1197 3602 4⁰

157 3642 232 3694 mus,
254 3635 422 3681 caeterarum
445 3643 541 3681 rerum
562 3624 667 3694 studia,
688 3632 717 3680 et
736 3622 879 3694 doctrinis,
893 3634 923 3681 et
941 3626 1101 3703 praeceptis,
1116 3638 1146 3684 et

159 3711 220 3759 arte
241 3713 388 3772 constare3
408 3707 524 3777 poetam
545 3703 647 3760 naturai
668 3701 729 3777 ipsi
743 3701 849 3772 valere,
864 3712 894 3760 et
913 3705 1017 3762 mentis
1037 3705 1145 3763 viribus

157 3780 288 3851 excitari,
303 3792 332 3839 et
351 3781 432 3856 quasi
454 3782 550 3840 divino
569 3780 692 3856 quodam
706 3780 813 3856 ‘spiritu
834 3781 937 3840 inflari.
977 3785 1080 3846 Quare
1094 3803 1146 3843 suo

154 3858 221 3935 jure
240 3869 336 3917 noster
357 3860 405 3917 ille
425 3859 538 3917 Ennius
558 3858 816 3934 sanctos-appellat
837 3866 947 3937 poetas,
966 3861 1043 3938 qndd
1063 3863 1145 3936 quasi
