2702 4464
430 383 567 433 onemo
589 384 659 434 PRO
682 385 715 443 Q.
739 385 900 434 LIGARIO.
1167 388 1208 449 73

202 503 240 582 V
274 525 340 603 Ego
358 524 427 584 verb
447 526 524 584 istud
543 547 601 586 non
620 527 763 604 postulos
756 528 877 603 inquies
918 527 966 585 lta
980 525 1153 619 (mehercle)

162 603 304 676 existimo,
320 604 456 663 Tubero:
477 606 544 663 novi
564 607 642 663 enim
661 617 706 676 te;
727 608 793 664 novi
811 617 937 696 patrem,
958 626 1024 664 ιιοιι
1016 607 1155 665 domum

163 701 333 773 nomenque
345 694 490 741 vestrum:
511 685 608 741 studia
627 686 752 759 denique
772 686 887 761 generis
908 704 944 742 ac
963 685 1080 742 familiae
1094 705 1155 743 res·

162 770 223 831 trae,
238 762 361 833 virtutis,
376 762 575 832 humanitatis,
591 763 737 834 doetrinae,
748 764 935 840 plurimarum
950 764 1054 820 artium
1069 773 1154 839 atque

161 840 344 915 optimarum,
365 850 434 898 nota
457 850 530 898 sunt
547 841 620 898 milri
642 842 747 898 omnia.
789 841 892 916 Itaque
915 839 995 900 certo
1016 842 1086 932 scio,
1105 861 1154 900 vos
1188 846 1207 898 5

162 937 221 975 non
240 928 338 993 petere
359 918 550 1015 sanguinem:
572 920 737 995 sedparum
753 920 907 977 attenditis.
949 920 1103 978 Resenim
1117 919 1153 978 ed

162 1006 284 1085 spectat,
298 1008 332 1054 ut
345 998 381 1055 ea
394 996 490 1072 poemi,
505 998 535 1054 in
549 998 607 1072 qua
622 999 718 1055 adhuc
730 999 772 1059 Q
784 998 919 1074 Ligarius
932 999 978 1070 sit,
988 1018 1046 1056 ιιοιι
1060 999 1155 1056 videa·

163 1075 236 1132 mini
259 1095 323 1133 esse
347 1076 483 1134 contenti
524 1076 602 1137 Qum
624 1086 668 1134 est
691 1076 779 1153 igitur
804 1077 870 1148 alio,
890 1087 992 1152 praeter
1011 1079 1153 1135 morteml

164 1153 197 1210 Si
218 1154 297 1211 enim
317 1155 347 1212 in
367 1155 467 1212 exsilio
487 1164 541 1225 est,
562 1154 649 1211 sicuti
670 1164 723 1225 est,
748 1155 818 1229 quid
842 1155 963 1231 amplius
984 1156 1153 1230 postulatisl

164 1250 211 1300 an,
231 1251 269 1289 ne
289 1233 475 1309 ignoscaturl
503 1199 559 1291 hdo
578 1232 647 1290 vero
668 1200 758 1290 multo
779 1233 921 1304 acerbius,
939 1232 1088 1308 multdque
1111 1230 1207 1291 est10

163 1276 272 1368 dulius
312 1311 403 1372 Quod
422 1331 474 1369 nos
494 1311 571 1368 domi
583 1311 718 1386 petimus,
731 1311 865 1387 precibus
878 1321 908 1369 et
921 1312 1064 1387 lacrymis,
1078 1331 1155 1387 pros·

162 1388 230 1445 trati
251 1389 287 1445 ad
306 1390 405 1465 pedes,
419 1410 477 1447 non
498 1399 557 1446 tam
577 1399 680 1447 nostre
701 1408 796 1447 causae
817 1389 947 1461 fidentes,
962 1389 1048 1464 qudm
1069 1391 1154 1466 hujus

163 1466 346 1538 humanitati,
367 1468 398 1525 id
425 1487 462 1525 ne
490 1468 684 1543 impetremus,
710 1468 874 1544 pugnabisl
912 1478 942 1525 et
968 1469 999 1526 in
1025 1479 1154 1526 nostrum
1255 1482 1259 1488 “

162 1545 262 1602 fletum
276 1546 441 1623 irrumpesl
468 1557 498 1603 et
515 1565 577 1617 nos,
589 1546 721 1622 jacentes
741 1546 778 1603 ad
797 1547 895 1622 pedes,
909 1546 1070 1623 supplicum
1083 1566 1154 1606 voce

162 1624 349 1700 prohibebis?
1172 1627 1206 1680 15

204 1703 247 1772 Si,
262 1701 330 1759 cum
346 1704 401 1761 hoc
415 1703 494 1762 domi
508 1702 679 1774 faceremus,
689 1703 765 1779 quod
778 1711 808 1760 et
821 1701 953 1774 fecimus,
964 1712 1003 1773 et,
1017 1713 1050 1761 ut
1062 1722 1153 1779 spero,

163 1800 220 1838 non
252 1780 358 1839 frustra
386 1782 519 1853 fecimus,
539 1791 571 1838 tu
601 1779 756 1858 derepente
785 1781 944 1857 irrupisses,
971 1792 1001 1839 et
1027 1783 1154 1840 clamare

164 1860 309 1934 cepisses,
330 1861 395 1917 “O.
415 1860 524 1930 Caesar,
543 1879 614 1917 cave
633 1860 783 1936 ignoscas;
804 1879 885 1931 cave,
905 1871 935 1916 te
955 1861 1083 1931 fratrum,
1103 1880 1155 1936 pro

133 1958 136 1961 ·
165 1937 259 1995 fratris
278 1939 370 1996 salute
389 1937 614 2009 obsecrantium,
634 1939 838 2009 misereatur;”
860 1957 956 1996 nonne
973 1957 1088 1996 omnem
1102 1941 1154 1995 hu·

164 2016 332 2074 manitatem
358 2018 510 2075 exuissest
544 2016 665 2078 Quanto
691 2017 746 2074 hoc
767 2017 876 2087 durius,
899 2018 975 2092 quod
997 2036 1050 2074 nos
1076 2018 1153 2074 domi
1169 2021 1206 2075 20

163 2094 297 2170 petimus,
312 2096 342 2152 id
357 2105 416 2153 ate
430 2096 460 2153 in
475 2095 535 2153 foro
555 2096 729 2171 oppugnarit
760 2105 799 2167 et,
814 2096 845 2154 in
858 2096 909 2153 tali
922 2095 1040 2153 miseria
1052 2097 1154 2154 multo·

165 2191 239 2242 rum,
253 2173 415 2268 perfugium
428 2173 632 2231 misericordie
647 2174 761 2232 tollere!

205 2217 312 2308 Dicam
330 2250 427 2327 plane,
441 2251 497 2308 cai
517 2251 626 2323 Caesar,
647 2253 723 2326 quod
742 2252 842 2310 sentio.
884 2251 954 2323 Si,
946 2272 977 2310 ιιι
997 2252 1053 2309 hac
1072 2251 1154 2309 tanta

164 2329 216 2385 tua
237 2329 358 2401 fortuna,
372 2331 475 2387 lenitas
495 2340 576 2388 tanta
594 2350 652 2388 non
673 2339 757 2401 esset,
779 2341 917 2406 quantam
936 2340 969 2387 tu
985 2350 1037 2406 per
1050 2340 1078 2387 te
1081 2350 1153 2406 ‚per

165 2417 204 2477 te,
220 2407 347 2481 inquam,
361 2409 482 2480 obtines,
498 2406 650 2498 (intelligo,
663 2409 732 2483 quid
745 2376 858 2486 loquar)
876 2409 1061 2466 acerbissimo
1074 2376 1153 2466 luctu
1169 2410 1205 2463 25

166 2486 342 2543 redundaret
363 2487 417 2543 ista
436 2487 563 2545 victoria
604 2485 705 2548 Quam
720 2487 802 2544 multi
816 2487 894 2544 enim
908 2496 1003 2543 essent
1017 2486 1053 2543 de
1066 2487 1154 2545 victo·

165 2564 254 2634 ribus,
276 2564 325 2638 qui
351 2574 380 2622 te
403 2565 548 2623 crudelem
572 2584 636 2622 esse
662 2564 778 2635 vellent,
800 2583 868 2622 cum
895 2565 983 2622 etiam
1006 2565 1042 2622 de
1069 2565 1153 2622 victis

165 2609 362 2717 reperiantur!
384 2641 470 2718 qudm
484 2644 566 2700 multi
569 2643 651 2717 ,qui,
666 2662 735 2700 cum
756 2662 773 2700 a
792 2653 821 2701 te
841 2643 951 2700 nemini
972 2643 1081 2732 ignosci
1075 2644 1154 2701 vel·

164 2720 234 2791 lent,
262 2721 432 2811 impedirent
456 2722 639 2778 clementiam
666 2731 755 2793 tuam,
783 2741 852 2780 cum
878 2722 966 2779 etiarn
993 2722 1023 2793 ii,
1047 2723 1153 2797 quibus

165 2800 269 2894 ipseq
240 2799 383 2870 immisti,
398 2800 490 2858 nolint
502 2809 531 2856 te
546 2800 576 2857 in
591 2800 661 2858 alios
675 2819 738 2857 esse
751 2800 984 2858 misericordem!
1169 2803 1206 2858 30

202 2848 295 2938 Quod
321 2879 346 2935 si
371 2880 492 2954 probare
519 2876 629 2935 Caesari
651 2898 807 2954 possemus,
829 2880 859 2937 in
880 2878 982 2936 Africa
1002 2878 1153 2955 Ligarium

163 2957 281 3014 omnino
300 2976 357 3014 non
372 2957 477 3025 fuissc;
498 2975 522 3013 sr
514 2957 655 3014 honesto
668 2966 697 3015 et
710 2958 888 3015 misericordi
901 2957 1054 3015 mendacio
1067 2957 1153 3015 saluti

164 3035 235 3092 civis
264 3035 424 3092 calamitosi
453 3000 616 3092 cbnsultum
642 3055 706 3092 esse
725 3036 880 3107 vellemus;
911 3045 1008 3093 tamen
1029 3036 1153 3093 hominis

163 3133 221 3170 non
242 3122 327 3183 esset,
342 3113 372 3170 in
393 3123 474 3170 tanto
493 3113 660 3170 discrimine
680 3124 709 3170 et
728 3114 857 3190 periculo
877 3114 958 3184 civis,
973 3113 1103 3171 refellere
1124 3123 1153 3171 et

164 3210 321 3286 coarguere
348 3201 477 3248 nostrum
504 3192 705 3249 mendacium:
734 3202 773 3263 et,
793 3193 818 3249 si
839 3201 914 3250 esset
938 3192 1069 3267 alicujus,
1090 3192 1153 3266 ejus
1169 3198 1205 3252 35

164 3268 244 3326 certe
259 3289 317 3327 non
331 3279 407 3326 esset
409 3269 480 3344 ,qui
501 3270 531 3326 in
551 3269 654 3327 eadem
668 3270 757 3328 causa
771 3280 801 3328 et
814 3269 928 3328 fortuna
942 3270 1050 3327 fuisset
1093 3271 1152 3326 Sed

163 3357 260 3405 tamen
282 3348 360 3404 aliud
380 3358 425 3405 est
444 3367 539 3405 errare
560 3348 706 3406 Caesarem
725 3351 811 3419 nolle,
827 3348 905 3405 uliud
924 3348 1000 3404 nolle
1013 3347 1150 3404 misereri.

164 3425 244 3483 Tum
257 3427 379 3497 diceres,
394 3433 413 3460 “
424 3426 512 3497 Cave,
528 3426 636 3496 Caesar,
652 3427 771 3484 credas:
793 3394 874 3484 f'uit'
867 3446 898 3482 ιιι
918 3424 1022 3481 Africa
1040 3410 1153 3500 Ligari-

164 3523 214 3561 us:
236 3505 300 3561 tulit
316 3523 396 3561 arma
409 3514 509 3562 contra
522 3506 579 3561 te
621 3504 710 3561 Nunc
724 3505 794 3577 quid
808 3504 901 3562 dicisl
935 3503 1067 3560 “Cave
1060 3523 1153 3580 ignos-

164 3584 242 3640 cas.”
285 3582 359 3640 Haec
383 3603 440 3640 nec
466 3583 599 3652 hominis,
620 3602 676 3640 nec
697 3583 734 3639 od
754 3583 909 3653 hominem,
930 3601 984 3639 vox
1003 3591 1064 3639 est:
1095 3582 1152 3656 qua
1169 3591 1204 3644 40

162 3661 212 3736 qui
227 3662 302 3736 apud
315 3670 354 3732 te,
369 3661 425 3718 Gai
439 3661 547 3731 Cesar,
562 3671 668 3731 utetur,
682 3678 764 3717 suam
785 3657 872 3718 citius
892 3660 1010 3737 abjiciat
1023 3661 1153 3719 humani·

163 3749 263 3808 tatem,
277 3737 364 3813 quarn
377 3740 557 3813 extorquebit
570 3749 658 3795 tuam.

203 3817 256 3874 Vl.
291 3817 338 3874 Ac
365 3818 475 3893 primus
502 3818 596 3874 aditus
616 3827 646 3874 et
664 3815 817 3893 postulatio
842 3816 1007 3876 Tuberonis
1027 3820 1099 3889 haec,
1120 3830 1153 3876 ut

161 3896 271 3972 opinor,
286 3896 359 3967 fuit3
381 3895 453 4031 vezlle
466 3915 498 3953 se
511 3897 548 3953 de
567 3895 608 3957 Q.
623 3895 734 3971 Ligarii
748 3895 857 3953 scelere
871 3897 978 3955 dicere.
1018 3895 1087 3955 Non
1101 3898 1153 3971 du·
