2658 4468
160 336 217 397 116
409 339 546 391 ORATIO
567 338 637 389 PRO
657 338 690 389 Τ.
715 337 829 389 ANNIO
851 336 1003 387 MILONE.

209 482 358 541 domiuum
379 483 416 542 de
439 503 520 542 servo
541 483 630 558 quaeri
654 482 823 552 noluerunt3
852 500 910 539 non
933 481 1082 556 quianon
1105 488 1203 556 posset

208 581 308 619 verum
322 562 454 633 inveniri,
469 563 520 621 sed
534 563 603 637 quia
615 562 765 619 videbatur
779 561 931 637 indignum
945 579 1018 630 esse,
1032 569 1062 616 et
1074 558 1204 616 dominis

208 652 298 698 morte
326 641 388 717 ipsa
413 641 532 699 tristius.
574 640 610 699 In
636 659 719 698 reum
746 641 782 698 de
808 639 899 697 servis
926 638 1103 696 accusatoris
1130 635 1203 694 crim

208 719 354 794 quaritur,
370 738 469 778 verum
482 720 606 778 inveniri
618 720 730 796 potestl
815 728 818 735 “

175 815 194 868 5
248 799 315 875 Age
329 797 406 868 verb,
420 818 484 874 quar
498 808 570 870 erat,
585 810 634 855 aut
648 798 741 874 qualis
753 796 892 873 quaestiol
925 796 1009 854 Heus
1023 794 1202 866 tu,Ruscio,
1233 858 1239 869 ,

211 876 304 951 (verbi
331 877 434 957 causi)
462 896 534 935 cave
567 877 607 934 sis
633 877 790 935 mentiaris.
832 876 953 934 Clodius
982 874 1103 933 insidias
1130 874 1204 930 fecit

209 954 335 1014 Milonil
376 955 469 1014 Fecit
510 956 600 1013 Certa
613 975 693 1014 crux.
734 955 839 1012 Nullas
853 955 930 1012 fecit.
973 955 1095 1030 Sperata
1114 952 1204 1009 liber-

209 1045 261 1091 tas.
302 1034 385 1095 Quid
407 1035 464 1092 uto
484 1035 642 1110 quaestione
664 1034 792 1091 certiusl
827 1031 932 1091 Subito
948 1033 1051 1108 arrepti
1066 1032 1096 1089 in
1110 1050 1204 1106 quaes-

209 1113 327 1183 tionem,
341 1122 437 1171 tamen
451 1123 619 1189 separantur
634 1132 651 1170 a
665 1114 787 1184 caeteris,
801 1122 831 1170 et
845 1113 875 1170 in
895 1131 978 1169 arcas
994 1111 1202 1187 conjiciuntur,

162 1205 195 1259 ιο
209 1212 247 1249 ne
273 1192 337 1267 quis
363 1211 430 1250 cum
458 1192 493 1249 iis
520 1192 644 1266 colloqui
669 1193 766 1268 possit.
808 1192 850 1248 Hi
877 1201 995 1249 centum
1022 1191 1084 1247 dies
1111 1208 1203 1265 penes

210 1281 409 1328 accusatorem
431 1268 499 1330 cirm
521 1271 653 1342 fuissent,
676 1271 712 1327 ab
736 1291 771 1328 eo
794 1270 856 1347 ipso
880 1279 1047 1328 accusatore
1067 1267 1203 1345 producti

210 1359 284 1407 sunt
325 1349 409 1411 Quid
433 1351 490 1407 hac
512 1350 670 1426 quastione
692 1349 751 1407 dici
772 1358 864 1426 potest
887 1348 1047 1425 integriusl
1067 1347 1137 1424 quid
1159 1346 1202 1403 in-

210 1428 392 1504 corruptiusl

250 1505 371 1564 XXIII.
404 1503 497 1568 Quod
511 1505 535 1564 si
549 1507 678 1565 nondum
699 1506 769 1564 satis
782 1505 911 1577 cernitis,
928 1502 1011 1583 (crim
1024 1524 1071 1562 res
1085 1504 1147 1580 ipsa
1159 1512 1202 1561 tot

162 1592 196 1646 15
210 1594 269 1643 tam
290 1585 377 1643 claris
402 1586 579 1662 argumentis
600 1585 747 1662 signisque
771 1585 881 1663 luceat)
901 1584 973 1660 puris
996 1593 1093 1641 mente
1115 1593 1202 1658 atque

211 1665 323 1741 integris
338 1664 488 1736 Milonem,
503 1665 583 1723 nullo
603 1665 713 1722 scelere
736 1664 889 1733 imbutum,
904 1663 984 1721 nullo
997 1673 1075 1719 metu
1093 1671 1202 1738 perter-

210 1744 307 1814 ritum,
329 1743 410 1801 nullia
437 1743 616 1802 conscientiis
642 1742 849 1813 exanimatum,
877 1742 1004 1813 Romam
1031 1741 1200 1808 revertisse3

210 1822 403 1880 recordamini
419 1822 483 1899 (per
503 1822 581 1880 Deos
603 1821 778 1880 immortales
790 1822 812 1899 l)
831 1840 894 1896 quae
909 1821 996 1878 fuerit
1009 1820 1142 1877 celeritas
1156 1837 1202 1875 re-

211 1901 288 1958 ditirs
299 1900 360 1975 ejus
371 1921 378 1970 ;
399 1901 448 1977 qui
459 1901 605 1977 ingressus
614 1901 643 1957 in
653 1899 755 1970 forum,
766 1901 884 1958 ardente
896 1899 994 1968 curii3
1016 1918 1079 1974 quae
1089 1896 1202 1973 magni-

160 1983 197 2038 20
212 1980 280 2036 tudo
302 1979 401 2050 animi,
414 1979 464 2055 qui
488 1979 592 2050 vultus,
613 1998 677 2054 quae
698 1979 798 2036 oratio.
839 1977 944 2054 Neque
965 1976 1079 2036 verosa
1097 1976 1202 2052 populo

211 2055 313 2128 solirm,
336 2058 495 2115 sedetiam
517 2057 640 2128 senatui,
665 2058 827 2128 commisit;
858 2076 951 2132 neque
972 2056 1085 2115 senatui
1103 2051 1201 2124 modi),

211 2136 372 2193 sedetiam
395 2136 519 2212 publicis
545 2136 686 2212 presidiis
710 2145 739 2193 et
763 2137 867 2206 armis3
888 2155 983 2211 neque
1004 2135 1050 2192 his
1076 2132 1200 2203 tannim,

211 2212 311 2272 verirm
325 2214 412 2272 etiam
432 2214 494 2291 ejus
513 2215 656 2291 potestati,
672 2215 721 2272 cui
741 2225 859 2272 senatus
878 2225 968 2271 totam
982 2212 1199 2289 rempublicam,

210 2312 325 2351 omnem
345 2292 438 2351 Italia
457 2294 573 2369 pubem,
587 2303 695 2352 cuncta
714 2293 810 2369 populi
831 2293 958 2351 Romani
980 2311 1069 2362 arma,
1084 2290 1201 2349 commi·

161 2378 303 2432 asserat:
326 2373 374 2430 cui
394 2391 542 2448 nunquam
563 2392 594 2431 se
615 2372 664 2430 hic
683 2371 812 2448 prolecto
833 2371 1007 2442 tradidisset,
1028 2371 1084 2428 nisi
1104 2387 1200 2427 causae

211 2471 270 2508 suae
284 2452 456 2521 confideret;
477 2452 635 2527 praesertim
654 2451 752 2508 omnia
773 2451 911 2521 audienti,
926 2469 1035 2527 magna
1050 2447 1200 2518 metuenti,

204 2531 302 2587 multa
322 2531 489 2606 suspicanti,
504 2532 645 2588 nonnulla
664 2529 803 2587 credenti.
846 2529 957 2606 Magna
970 2530 1012 2586 vis
1026 2538 1070 2585 est
1090 2526 1201 2585 consci-

212 2608 307 2679 entiae,
326 2608 449 2685 judices,
471 2618 501 2666 et
526 2628 633 2686 magna
660 2609 690 2666 in
718 2618 867 2684 utramque
893 2619 1020 2684 partem3
1048 2616 1081 2664 ut
1107 2623 1201 2679 neque

211 2687 341 2757 timeant,
357 2688 406 2762 qui
426 2687 497 2744 nihil
516 2688 733 2758 ‘commiserint3
754 2697 783 2745 et
796 2706 911 2764 poenam
924 2704 1036 2762 semper
1051 2694 1117 2743 ante
1134 2703 1201 2741 ocu·

161 2776 198 2831 30
211 2766 254 2823 los
268 2766 374 2822 versari
387 2776 498 2841 putent,
512 2767 561 2841 qui
575 2767 733 2842 peccarint.

251 2844 357 2917 Neque
377 2842 445 2901 vero
466 2845 528 2901 sine
555 2845 666 2903 ratione
693 2843 772 2902 certa
796 2863 886 2902 causa
914 2843 1032 2902 Milonis
1053 2861 1201 2918 sempera

212 2933 315 2979 senatu
334 2923 454 2998 probata
473 2932 525 2980 est.
566 2923 714 2981 Videbant
736 2924 814 2980 enim
842 2923 1045 2999 sapientissimi
1072 2921 1201 2979 homines

213 3001 282 3058 facti
303 3001 453 3072 rationem,
473 3001 655 3078 praesentiam
679 3001 777 3072 animi,
798 3002 974 3059 defensionis
1001 3000 1199 3059 constantiam.

213 3081 262 3137 An
277 3077 344 3138 verb
365 3080 445 3138 obliti
466 3080 545 3151 estis,
557 3080 680 3155 judices,
695 3081 806 3138 recenti
826 3081 876 3138 illo
895 3081 997 3138 nuntio
1011 3079 1092 3137 necis
1106 3079 1201 3136 Clodi·

162 3173 198 3226 35
214 3179 286 3230 anae,
300 3180 358 3217 non
379 3157 464 3216 modb
486 3159 669 3216 inimicorum
690 3158 808 3216 Milonis
828 3178 974 3216 sermones
995 3168 1024 3217 et
1043 3158 1199 3234 opiniones,

213 3241 263 3295 sed
285 3239 487 3296 nonnullorum
509 3238 596 3296 etiam
621 3237 838 3313 imperitoruml
873 3237 1031 3314 Negabant
1054 3256 1120 3294 eum
1143 3237 1201 3294 Ro·

213 3337 289 3374 mam
304 3337 366 3375 esse
381 3318 548 3374 rediturum.
590 3316 658 3374 Sive
673 3316 750 3374 euim
765 3316 836 3373 illud
851 3317 948 3374 animo
961 3316 1033 3373 irato
1045 3335 1080 3373 ac
1092 3316 1202 3391 percito

213 3396 339 3467 lecisset,
351 3406 382 3453 ut
396 3395 533 3454 incensus
540 3395 607 3452 odio
617 3395 774 3452 trucidaret
788 3395 957 3465 inimicum;
980 3395 1201 3464 arbitrabantur,

213 3495 279 3532 eum
299 3475 373 3532 tanti
394 3485 514 3533 mortem
534 3473 567 3531 P.
582 3474 680 3531 Clodii
700 3474 825 3549 putasse,
840 3483 872 3530 ut
892 3493 975 3548 aequo
995 3473 1091 3531 anImo
1109 3474 1202 3549 patriis

163 3563 198 3618 40
213 3565 335 3623 careret,
349 3552 418 3611 crim
438 3553 579 3628 sanguine
600 3551 711 3609 inimici
732 3551 873 3628 explesset
893 3552 992 3609 odium
1012 3571 1115 3609 suum:
1143 3552 1201 3610 sive

213 3633 300 3690 etiam
315 3632 393 3690 illius
406 3641 497 3691 morte
510 3631 632 3707 patriam
642 3630 765 3687 liberare
779 3630 923 3701 voluisset,
934 3652 992 3688 non
1006 3631 1201 3688 dubitaturum

213 3711 314 3768 sortem
328 3710 431 3781 virum,
446 3711 526 3785 quin,
541 3707 609 3766 crim
624 3728 675 3766 suo
694 3709 823 3783 periculo
843 3709 966 3766 salutem
983 3709 1148 3785 reipublicae
1163 3720 1202 3766 at·

212 3789 334 3860 tulisset,
350 3788 467 3846 cederet
487 3807 568 3863 aequo
589 3787 685 3844 animo
707 3784 864 3866 [legibus];
886 3807 987 3845 secum
1008 3788 1132 3845 auferret
1145 3788 1203 3864 glo·

212 3867 284 3926 riam
306 3867 520 3944 sempiternam,
534 3866 618 3924 nobis
638 3866 701 3924 haec
721 3865 842 3924 fruenda
862 3867 1047 3943 relinqueret,
1060 3886 1123 3943 quae
1144 3863 1209 3944 ipse'
