2702 4464
389 360 524 411 otmaro
546 360 567 410 1.
590 359 628 409 tn
650 359 680 408 1..
698 357 911 410 castaneam.
936 376 941 381 ·
1019 344 1026 358 “
1155 356 1191 417 ιι

160 505 244 569 Quid
258 500 326 561 verb
338 505 351 561 l
365 523 466 579 nuper,
481 502 559 575 oum,
574 512 664 561 morte
678 501 832 577 superioris
847 501 952 573 uxoris,
966 500 1048 558 noris
1068 519 1140 576 nup·

122 633 129 647 .
162 586 210 642 tiis
224 584 341 640 domum
357 583 576 654 vacuefecisses,
592 600 688 639 nonne
702 583 788 639 etiam
803 581 859 638 alio
874 581 1036 638 incredibili
1049 580 1141 636 scele-

164 683 194 721 re
210 664 265 718 boc
276 661 372 718 scelus
381 661 533 718 cumulisti
544 663 556 718 l
569 661 645 735 quod
657 679 711 736 ego
722 660 916 735 praetermitto,
930 668 960 715 et
973 658 1058 715 facile
1068 658 1141 734 pati·

164 761 196 799 or
216 739 303 810 sileri,
328 758 367 796 ne
391 739 420 795 in
435 740 492 806 bic
515 739 631 796 civitate
652 739 725 795 tanti
747 737 883 795 facinoris
907 737 1070 794 immanitas
1091 746 1141 794 aut

165 818 318 888 exstitisse,
343 827 393 874 aut
419 836 477 875 non
498 817 643 873 vindicata
663 835 737 885 esse,
757 816 896 873 videatur.
917 798 1140 887 lPraetermitto
1173 822 1192 876 ⁵

166 897 265 955 ruinas
278 896 455 953 fortunarum
469 906 593 964 tuarum,
607 913 677 969 quas
690 911 790 951 omnes
804 894 969 969 impendere
983 892 1036 949 tibi
1049 892 1141 969 proxi-

167 975 221 1032 mis
235 973 335 1030 Idibus
349 973 472 1030 senties:
495 974 531 1030 ad
542 973 590 1029 illa
604 972 697 1041 renio,
711 990 774 1046 quar
788 990 846 1028 non
859 972 894 1028 ad
907 970 1046 1046 privatam
1061 972 1141 1046 igno-

169 1053 285 1110 miniam
300 1051 432 1108 vitiorum
447 1061 573 1121 tuorum,
588 1069 646 1107 non
661 1050 697 1107 ad
712 1049 899 1106 domesticam
919 1058 998 1104 tunm
1019 1049 1141 1105 difficul-

168 1141 255 1188 tatem
270 1148 305 1187 ac
319 1130 535 1205 turpitudinem,
550 1129 600 1185 sed
616 1127 651 1184 ad
665 1146 805 1185 summam
819 1126 995 1202 reipublice,
1007 1137 1090 1202 atque
1105 1126 1141 1183 ad

167 1208 295 1266 omnium
309 1206 438 1265 nostrdm
453 1208 538 1264 vitam
552 1206 739 1281 salutemque,
753 1204 906 1282 pertinent.
1159 1210 1193 1264 10

206 1286 341 1343 Potestne
353 1285 405 1342 tibi
420 1285 503 1362 liujus
517 1286 582 1342 vitae
596 1285 655 1355 lux,
669 1284 806 1355 Catilina,
822 1294 870 1342 aut
885 1282 969 1359 hujus
980 1281 1046 1339 coeli
1060 1282 1141 1358 spiri·

168 1376 214 1422 tus
239 1383 303 1421 esse
327 1363 484 1438 jucundae,
506 1361 574 1421 ciam
596 1363 682 1433 scias,
702 1363 804 1420 borum
824 1381 888 1419 esse
914 1361 1071 1432 neminem,
1092 1361 1141 1436 qui

168 1443 289 1512 nesciat,
298 1434 342 1513 te,
355 1442 446 1517 pridie
460 1442 606 1499 Calendas
620 1441 784 1511 lanuarias,
798 1439 909 1516 Lepido
928 1450 958 1497 et
971 1439 1059 1497 Tullo
1073 1459 1142 1497 con-

168 1522 288 1591 sulibus,
303 1521 415 1578 stetisse
430 1521 460 1576 in
476 1520 593 1578 comitio
613 1538 681 1576 curn
701 1519 778 1577 telol
798 1538 927 1589 manum,
941 1518 1092 1575 consulum
1112 1527 1141 1574 et

167 1599 330 1676 principum
341 1598 464 1656 civitatis
473 1598 735 1656 interficiendorum
747 1596 847 1669 causti,
858 1596 1001 1673 paravisse
1012 1597 1024 1653 l
1038 1595 1141 1653 sceleri
1159 1591 1194 1646 15

168 1698 203 1735 ac
219 1677 306 1734 surori
326 1687 376 1733 tuo
389 1696 447 1734 non
462 1686 587 1734 mentem
609 1676 743 1751 aliquam,
758 1685 807 1732 aut
827 1675 956 1732 timorem
979 1685 1069 1745 tuum,
1090 1674 1141 1755 sed

168 1756 311 1813 fortunam
325 1755 662 1830 reipublicaeobstitissel
703 1755 752 1811 Ac
769 1751 828 1829 jam
849 1754 898 1811 illa
911 1753 1027 1811 omitto:
1048 1772 1141 1828 neque

168 1835 245 1891 enim
260 1844 326 1891 sunt
340 1844 390 1891 aut
402 1834 534 1906 obscura,
550 1843 599 1890 aut
612 1852 671 1891 non
682 1834 771 1889 multa
780 1831 846 1907 post
859 1832 1020 1889 commissa.
1060 1831 1143 1892 Quo·

167 1911 223 1969 ties
236 1922 268 1969 tu
283 1931 328 1968 me
342 1912 534 1988 designatum,
547 1912 658 1987 quoties
672 1913 832 1981 consulem,
845 1910 1007 1973 interlicere
1021 1921 1142 1967 conatus

168 1992 222 2047 esl
243 2000 311 2065 quot
323 2010 378 2066 ego
391 2001 456 2047 tuas
469 1990 631 2066 petitiones,
647 1990 842 2066 itaconjectas
856 1989 978 2053 utvitari
989 2007 1047 2046 non
1058 2007 1141 2064 posse
1157 1983 1194 2037 20

168 2068 342 2138 viderentur,
355 2068 443 2144 parvis
457 2069 580 2144 quidam
595 2068 797 2143 declinatione,
807 2079 836 2124 et
848 2066 893 2145 (ut
908 2067 1001 2146 aiunt)
1014 2085 1141 2142 corpore,

168 2146 278 2221 effugii
320 2146 402 2203 Nihil
417 2147 488 2223 agis,
502 2147 573 2203 nihil
589 2147 757 2221 assequeris,
772 2146 845 2204 nihil
859 2145 976 2215 moliris,
987 2147 1061 2220 quod
1071 2145 1141 2202 mihi

168 2225 260 2279 latere
273 2223 366 2280 valeat
374 2225 403 2280 in
415 2234 558 2299 tempore:
573 2244 665 2300 neque
675 2236 772 2282 tamen
784 2223 883 2282 conari
892 2243 926 2281 ac
935 2222 1007 2281 velle
1018 2224 1140 2281 desistis.

172 2300 300 2360 Quoties
311 2300 370 2372 jam
384 2301 437 2357 tibi
450 2311 560 2358 extorta
580 2312 624 2358 est
643 2303 705 2360 sica
724 2303 779 2360 ista
798 2304 835 2360 de
854 2303 1011 2361 manibus'l
1031 2303 1142 2377 quoties

173 2374 242 2433 verb
257 2377 364 2432 excidit
378 2395 448 2432 casu
473 2378 575 2452 aliquo,
589 2389 618 2434 et
643 2379 739 2452 elapsa
752 2383 814 2439 estl
855 2380 970 2438 Tamen
984 2380 1020 2438 ed
1043 2399 1141 2438 carere
1157 2384 1194 2438 25

174 2451 285 2510 diutiirs
299 2472 356 2510 non
371 2463 467 2528 potes:
488 2474 550 2529 quae
564 2456 677 2530 quidem
692 2458 794 2531 quibus
807 2459 857 2515 abs
871 2469 899 2516 te
920 2459 1033 2516 initiata
1052 2459 1142 2517 sacris

174 2551 209 2589 ac
224 2532 326 2588 devota
339 2531 385 2603 sit,
408 2532 517 2603 nescio,
540 2531 616 2608 quod
637 2553 701 2591 eam
724 2555 841 2595 necesse
862 2548 945 2615 putas
966 2535 1142 2595 consulis'in

164 2629 291 2703 pcorpore
306 2610 441 2686 defigere.
457 2618 481 2683 l

210 2688 280 2746 VII.
302 2687 392 2746 Nunc
417 2687 495 2760 verd,
519 2710 581 2766 quae
604 2701 652 2749 tua
673 2701 716 2750 est
735 2692 789 2752 ista
812 2695 893 2753 vital
921 2694 964 2752 sic
984 2693 1062 2752 enim
1081 2693 1142 2771 jam

169 2779 265 2825 tecum
280 2767 388 2842 loquar,
405 2787 462 2825 non
476 2781 507 2827 ut
520 2769 585 2831 odio
597 2782 742 2846 permotus
766 2793 828 2831 esse
843 2774 1020 2848 videamque
1040 2773 1141 2844 debeo,
1158 2781 1194 2836 30

169 2846 218 2902 sed
241 2856 273 2902 ut
292 2846 577 2923 misericordiaque
596 2849 649 2907 tibi
669 2850 749 2909 nuilla
769 2853 897 2909 debetur.
938 2851 1053 2909 Venisti
1073 2871 1142 2927 pau-

167 2924 196 2981 lo
210 2922 277 2981 ante
294 2924 323 2981 in
346 2937 485 2983 senatum.
526 2926 604 2989 Quis
625 2937 663 3000 te,
685 2949 722 2987 ex
742 2930 799 2987 haic
819 2930 901 2987 tantia
916 2929 1085 3005 frequentia,
1106 2949 1143 2987 ex

168 3011 209 3059 tot
223 3002 280 3060 tuis
295 3003 395 3060 amicis
410 3023 445 3061 ac
458 3006 638 3079 necessariis,
653 3008 805 3065 salutavitl
847 3008 879 3065 Si
894 3010 960 3078 hoc,
971 3018 1034 3085 post
1053 3008 1143 3065 homi-

169 3099 238 3137 num
253 3082 429 3153 memoriam,
444 3084 564 3160 contigit
577 3086 697 3158 nemini,
712 3086 791 3143 vocis
804 3097 955 3162 exspectas
973 3087 1143 3144 contumeli-

169 3177 226 3229 am,
253 3158 321 3216 crim
343 3161 382 3217 sis
411 3161 578 3237 gravissimo
603 3163 714 3239 judicio
742 3165 947 3222 taciturnitatis
966 3167 1140 3241 oppressusl
1157 3165 1193 3219 35

167 3238 260 3308 Quid,
273 3236 350 3313 qudd
364 3239 488 3296 adventu
502 3250 551 3297 tuo
562 3241 616 3297 ista
630 3243 766 3299 subsellia
781 3242 949 3299 vacuefacta
963 3245 1049 3301 suntl
1063 3241 1141 3318 quod

167 3335 268 3373 omnes
298 3317 474 3388 consulares,
501 3319 550 3393 qui
576 3319 628 3376 tibi
648 3340 776 3396 persaepe
804 3319 840 3377 ad
861 3321 971 3378 caedem
993 3321 1141 3396 constituti

169 3395 293 3465 suerunt,
318 3395 402 3452 simul
428 3411 511 3470 atque
533 3397 674 3470 assedisti,
699 3410 809 3475 partem
833 3397 915 3454 istam
941 3399 1140 3456 subselliorum

167 3473 275 3529 nudam
290 3482 373 3548 atque
387 3473 502 3531 inanem
517 3475 714 3551 reliqueruntl
753 3477 824 3537 Quo
837 3477 955 3533 tandem
974 3477 1071 3534 animo
1085 3478 1141 3534 hoo

168 3551 220 3606 tibi
241 3550 389 3608 ferendum
415 3554 519 3627 pntasl
565 3554 646 3611 Servi
675 3553 868 3632 (mehercule)
897 3555 954 3612 mei
974 3555 999 3613 si
1019 3575 1065 3613 me
1086 3556 1140 3614 isto
1157 3553 1194 3610 40

168 3639 253 3704 pacto
279 3639 449 3701 metuerent,
474 3642 505 3688 ut
525 3643 554 3689 te
574 3642 706 3690 metuunt
727 3651 828 3689 omnes
848 3631 926 3690 cives
949 3634 1001 3705 tui,
1023 3635 1139 3693 domum

169 3725 261 3763 meam
275 3708 490 3784 relinquendam
504 3721 653 3785 putarem:
674 3721 705 3768 tu
719 3710 771 3767 tibi
785 3710 885 3767 urbem
900 3731 958 3770 non
974 3715 1139 3772 arbitrarisl

170 3784 215 3855 Et,
230 3785 253 3841 si
268 3805 313 3843 me
328 3787 399 3844 meis
413 3787 525 3846 civibus
538 3787 645 3863 injurid
659 3798 823 3864 suspectum
838 3799 896 3847 tam
916 3794 1039 3868 graviter
1054 3803 1138 3867 atque

165 3864 306 3921 oflensum
322 3866 463 3936 viderem;
486 3884 584 3925 carere
594 3886 639 3923 me
655 3866 791 3942 adspectu
801 3867 918 3941 civium,
927 3869 1014 3945 quim
1028 3870 1139 3928 infestis
