2658 4468
407 353 546 404 casuro
567 352 607 403 nr
628 353 667 403 u.
683 315 888 403 nnroruirm.
1112 352 1173 413 155

327 412 335 438 l

125 496 361 574 iocupletissimae
387 495 571 554 Cretensium
598 496 788 573 vectigalibus
812 495 988 566 liberantur;
1022 495 1122 553 statui·

126 591 244 652 torque,
256 596 302 646 ue,
317 586 381 651 post
395 575 437 632 M.
452 575 575 634 Brutum
588 575 800 651 proconsulem,
809 575 846 632 sit
860 574 949 632 Creta
961 575 1120 651 provincia.

127 655 179 713 Ta
200 655 307 712 mentis
320 673 352 711 es
373 655 514 729 composi
542 664 575 711 tu
595 674 654 711 non
676 653 942 730 constringendus?
983 655 1043 724 An,
1058 653 1123 710 Cae·

127 735 201 791 saris
215 734 342 802 decreto,
358 732 448 789 Creta
466 742 531 807 post
545 732 587 789 M.
602 732 685 789 Bruti
706 732 859 789 decessum
880 731 974 808 potuit
994 732 1121 802 liberari,

128 810 200 869 crim
213 812 302 869 Creta
316 811 388 868 nihil
413 811 449 867 ad
476 811 606 881 Brutum,
621 810 739 867 Caesare
763 811 836 882 rivo,
851 810 1028 886 pertineretl
1070 811 1121 881 lit,
1155 812 1175 865 5

128 891 217 967 hujus
230 890 395 965 venditione
409 889 529 960 decreti,
545 888 597 966 (ne
611 889 682 946 nihil
698 899 795 946 actum
808 889 928 967 putetis)
943 888 1122 964 provinciam

128 969 249 1027 Cretam
276 968 448 1044 perdidistis.
489 967 599 1026 Omnio
625 986 712 1025 nemo
738 967 826 1025 ullius
853 967 894 1026 rei
921 968 975 1025 fuit
1001 978 1122 1044 emptor,

129 1049 180 1106 cui
194 1047 317 1104 defuerit
331 1047 379 1103 hic
394 1047 533 1105 venditor.

171 1126 211 1183 Et
224 1126 260 1183 de
274 1126 421 1183 exsulibus
434 1126 538 1201 legem,
553 1143 640 1200 quarn
654 1123 751 1195 fixisti,
766 1124 865 1182 Caesar
878 1124 965 1182 tulitl
1005 1124 1124 1182 Nullius

129 1205 257 1263 insector
278 1204 488 1262 calamitatem:
520 1202 633 1261 tantum
653 1222 766 1278 queror,
780 1201 916 1279 primdm,
930 1221 1031 1261 eorum
1052 1203 1126 1260 redi·
1136 1203 1177 1258 ·1o

129 1294 178 1341 tus
202 1293 337 1358 aequatos,
356 1301 477 1358 quorum
504 1301 624 1339 causam
649 1282 819 1340 dissimilem
842 1282 942 1340 Caesar
965 1282 1123 1358 judicdrit3

130 1363 249 1432 deinde,
264 1361 364 1419 nescio
378 1381 431 1418 cur
452 1361 569 1436 reliquis
590 1361 668 1418 idern
688 1380 745 1418 non
771 1361 897 1419 tribuas:
928 1380 1022 1436 neque
1046 1360 1126 1418 enim

129 1442 196 1517 plus
210 1439 297 1516 quiam
310 1450 369 1496 tres
383 1450 433 1497 aut
445 1452 567 1516 quatuor
581 1439 683 1514 reliqui
696 1449 771 1497 sunt.
812 1439 875 1501 Qui
890 1439 978 1497 simili
997 1440 1028 1497 in
1049 1440 1126 1497 cala·

130 1520 232 1577 mitate
251 1528 328 1589 sunt,
343 1538 395 1577 cur
419 1518 682 1576 tud—misericordiis
696 1518 782 1575 simili
803 1537 862 1575 non
887 1518 1042 1576 fruunturl
1071 1537 1124 1575 cur

130 1618 182 1656 eos
196 1598 286 1654 habes
300 1598 330 1654 in
344 1597 409 1654 loco
428 1598 542 1673 patruit
563 1598 599 1654 de
620 1616 677 1673 quo
690 1597 776 1668 serre,
791 1594 860 1654 cdm
880 1598 917 1654 de
931 1597 1047 1672 reliquis
1072 1596 1127 1654 fer·
1144 1595 1179 1649 15

131 1695 189 1747 res,
204 1676 338 1734 noluisti:
360 1695 446 1750 quem
459 1677 548 1733 etiam
562 1676 598 1733 ad
618 1694 771 1733 censuram
793 1676 948 1751 petendam
969 1674 1124 1751 impulisti;

132 1774 255 1830 eamque
279 1753 448 1831 petitionem
469 1755 653 1831 comperisti,
673 1774 738 1830 qua
762 1766 792 1813 at
815 1755 890 1812 risus
916 1754 1068 1813 hominum
1096 1767 1127 1812 et

132 1833 264 1911 querelas
278 1846 413 1892 moveret.

174 1912 236 1970 Cur
251 1922 348 1969 autem
371 1931 407 1969 ea
424 1912 543 1971 comitia
564 1931 622 1970 non
644 1912 794 1970 habuistil
835 1912 885 1969 An
905 1911 973 1987 quia
993 1911 1127 1969 tribunus

131 1991 225 2069 plebis
238 1990 386 2048 sinistrum
400 1991 508 2050 fulmen
524 1991 697 2049 nuntiabatl
738 1988 816 2050 Cirm
840 1991 891 2048 tud
904 1991 974 2067 quid
997 1991 1126 2060 interest,
1143 1985 1181 2040 2⁰

133 2070 215 2128 nulla
228 2069 358 2145 auspicia
372 2069 446 2139 sint3
467 2069 537 2128 clim
551 2080 674 2140 tucrum,
688 2068 750 2127 tuni
763 2070 803 2126 sis
816 2070 991 2146 religiosusl
1022 2069 1127 2132 Quidl

133 2149 261 2206 eundem
275 2148 305 2204 in
319 2148 522 2223 septemviratu
541 2168 639 2206 nonne
653 2147 830 2206 destituistil
864 2148 1026 2206 Intervenit
1039 2148 1126 2205 euim.

132 2227 219 2289 Quid
239 2227 387 2285 metuisti'l
415 2227 513 2298 credo,
528 2247 565 2285 ne
586 2228 665 2285 salvo
688 2228 783 2302 capite
806 2246 913 2303 negare
937 2247 995 2284 non
1020 2245 1128 2302 posses.

133 2305 281 2363 Omnibus
294 2324 362 2362 eum
376 2306 559 2364 contumeliis
572 2306 709 2376 onerasti,
723 2325 809 2380 quem
823 2306 912 2381 patris
933 2306 1007 2375 loco,
1021 2305 1047 2361 si
1069 2305 1129 2360 ulla

134 2385 166 2444 in
190 2396 220 2442 te
246 2384 338 2460 pietas
365 2395 450 2455 esset,
472 2386 567 2443 colere
591 2385 726 2442 debebas.
769 2383 875 2440 Filiam
902 2383 974 2459 ejus,
1001 2400 1128 2440 sororem
1145 2388 1182 2442 25

134 2474 226 2536 tuam,
250 2463 371 2539 ejecisti,
399 2463 456 2520 alid
477 2464 643 2522 conditione
664 2461 783 2538 quesiti
810 2471 841 2519 et
867 2461 934 2519 ante
967 2460 1128 2537 prospecti.

134 2542 205 2600 Non
229 2553 273 2600 est
294 2543 382 2600 satis:
411 2543 507 2618 probri
532 2541 704 2600 insimulasti
725 2540 944 2616 pudicissimam
971 2540 1128 2597 foeminam.

134 2620 219 2682 Quid
232 2632 286 2692 est,
300 2622 376 2695 quod
392 2622 460 2679 addi
472 2623 583 2696 possiti
624 2620 787 2679 Contentus
807 2638 843 2677 eo
865 2639 921 2677 non
948 2619 1046 2677 fuisti:
1076 2618 1130 2676 sre·
1231 2642 1242 2657 ¹

135 2700 325 2775 quentissimo
338 2711 441 2757 senatu
455 2699 595 2757 Calendis
610 2698 628 2755 J
631 2699 767 2770 ancariis,
782 2700 902 2756 sedente
922 2710 1036 2774 patruo,
1051 2699 1129 2755 hanc

135 2777 190 2835 tibi
204 2797 268 2835 esse
290 2797 357 2836 cum
379 2778 532 2836 Dolabellri
555 2797 674 2836 causam
692 2778 762 2849 odii,
776 2778 874 2836 dicere
889 2797 976 2836 ausus
995 2798 1037 2849 es,
1052 2775 1130 2853 qudd
1146 2781 1184 2837 30

137 2858 175 2913 ab
188 2875 224 2914 eo
237 2857 327 2914 sorori
340 2867 371 2914 et
383 2857 466 2915 uxori
479 2868 536 2914 tuas
550 2869 681 2933 stuprum
701 2858 830 2917 oblatum
844 2877 907 2915 esse
929 2858 1128 2933 comperisses.

136 2935 216 2997 Quis
246 2935 427 3011 interpretari
447 2946 550 3011 potest,
573 2936 814 3012 impudentiorne,
836 2936 936 3012 quiin
957 2948 1070 3006 senatu,
1093 2955 1131 2992 an

137 3014 303 3089 improbior,
317 3013 366 3090 qui
387 3013 418 3071 in
442 3013 634 3085 Dolabellam,
649 3034 687 3072 sn
709 3015 856 3091 impurior,
878 3017 928 3091 qui
948 3029 1029 3091 patre
1052 3014 1132 3072 audi·

137 3102 216 3162 ente,
239 3111 277 3149 an
297 3092 450 3164 crudelior,
470 3093 520 3168 qui
541 3094 571 3150 in
592 3093 672 3151 illam
692 3094 827 3152 miseram
847 3105 907 3152 tarn
934 3092 1050 3170 spurce,
1071 3104 1131 3150 tam

138 3169 238 3246 impie,
253 3171 380 3228 dixerisl
1148 3170 1186 3227 35

178 3249 329 3307 XXXIX.
372 3249 431 3307 Sed
453 3250 489 3307 ad
510 3251 701 3328 chirographa
713 3251 875 3308 redeamus.
916 3250 994 3312 Quae
1007 3260 1059 3308 tus
1079 3249 1132 3306 fuit

140 3326 288 3404 cognitiol
330 3328 408 3386 Acta
420 3329 501 3386 enim
516 3329 650 3401 Caesaris,
664 3330 746 3405 pacis
766 3329 866 3399 causti,
881 3329 1052 3386 confirmata
1066 3338 1134 3386 sunt

139 3425 158 3464 a
171 3416 283 3479 senatu,
298 3427 362 3482 quar
383 3408 500 3482 quidem
515 3408 613 3465 Caesar
634 3409 752 3485 egisset,
767 3426 825 3465 non
846 3426 892 3477 ea,
907 3426 970 3482 quae
985 3406 1133 3464 Caesarem

138 3486 234 3561 egisse
247 3486 367 3545 dixisset
380 3487 536 3544 Antonius.
580 3486 663 3545 Unde
678 3487 733 3544 ista
746 3488 923 3560 erumpuntl
943 3505 1001 3561 quo
1015 3495 1133 3542 auctore

139 3564 344 3639 proferuntur!
387 3565 421 3623 Si
448 3578 516 3622 sunt
542 3565 624 3635 salsa,
647 3584 700 3622 cur
722 3565 901 3640 probanturl
930 3564 954 3621 si
981 3583 1059 3635 vera,
1081 3584 1133 3622 our
1149 3556 1187 3616 40

140 3645 287 3702 veneuntl
329 3644 371 3701 At
384 3644 428 3701 sic
451 3644 610 3719 placuerat,
625 3655 667 3715 ut,
681 3663 718 3701 ex
732 3643 873 3715 Calendis
896 3642 1003 3714 Juniis,
1019 3645 1055 3702 de
1070 3644 1135 3701 Cae-

138 3720 212 3778 saris
226 3722 299 3779 actis
313 3741 381 3779 cum
395 3722 517 3780 consilio
531 3722 754 3799 cognosceretis.
788 3723 878 3785 Quod
894 3723 948 3780 suit
959 3724 1133 3782 consiliuml

138 3819 225 3876 quern
237 3819 363 3876 unquam
380 3801 551 3859 advocastit
571 3822 643 3877 quas
658 3802 805 3860 Calendas
819 3801 837 3858 J
840 3802 924 3859 unias
935 3803 1133 3880 exspectastil

139 3897 178 3936 an
192 3897 252 3950 aas,
267 3880 303 3937 ad
319 3897 391 3954 quas
403 3889 444 3953 te,
456 3881 617 3958 peragretis
627 3892 828 3940 veteranorum
852 3881 984 3954 coloniis,
998 3883 1135 3958 stipatum

140 3956 228 4014 armis
241 3956 386 4014 retulisti!
582 3960 587 3965 ’
896 3978 901 3989 ’

1152 3961 1189 4022 4⁵
