2702 4464
143 363 184 421 30
379 356 515 406 ORATIO
537 355 587 404 111.
609 354 647 404 IN
671 355 702 403 L.
725 355 939 404 CATILINAM.

194 517 270 556 niam
292 518 388 556 nunno
409 517 611 556 erubuissem.
652 498 730 559 Quae
748 498 928 574 supplicatio,
943 498 1049 555 sicum
1065 499 1177 555 caeteris

194 578 366 648 conferatur,
387 579 529 648 Quirites,
545 579 600 634 hoc
620 578 742 648 intersit,
757 576 835 651 quod
856 588 967 634 caeterae
988 576 1063 634 bene
1084 577 1176 653 gesti,

195 658 338 726 becuns,
354 658 520 713 conservata
535 657 693 734 republica,
708 657 863 713 constituta
877 666 928 712 est.
942 668 961 719 st

235 735 331 809 Atque
353 736 433 805 illud,
454 736 529 808 quod
551 736 716 792 laciendum
736 733 861 810 primum
882 735 945 805 fuit,
961 734 1070 790 factum
1092 742 1177 807 atque
1208 755 1211 760 ·

162 821 372 873 5transactum
392 824 444 870 est.
487 813 563 870 Nam
585 814 617 870 P.
639 813 790 884 Lentulus,
812 832 986 888 quanquam,
1003 811 1178 889 (patefactus

196 892 311 948 indiciis
322 902 351 949 et
361 893 588 950 confessionibus
599 892 671 970 suis)
681 892 793 966 judicio
806 894 933 963 senatriS,
944 912 1001 949 non
1013 888 1098 949 modi)
1108 910 1179 965 prae·

195 971 263 1027 toris
281 971 338 1045 jus,
353 970 452 1028 verum
473 972 560 1028 etiam
581 971 662 1040 civis,
678 971 823 1041 amiserat,
837 981 935 1027 tamen
956 971 1125 1047 magistratu
1147 989 1178 1025 se

196 1050 358 1119 abdicavit3
380 1060 421 1120 ut,
437 1069 500 1123 quae
514 1050 615 1126 religio
629 1049 663 1106 C.
676 1048 781 1118 Mario,
793 1050 952 1107 clarissimo
965 1049 1035 1119 viro,
1047 1069 1104 1106 non
1119 1049 1179 1105 fue·

195 1141 248 1198 rat,
264 1128 417 1201 quominus
436 1128 470 1185 C.
486 1128 650 1198 Glauciam,
666 1129 772 1201 dequo
785 1129 857 1184 nihil
870 1128 1041 1185 nominatim
1056 1137 1117 1184 erat
1131 1127 1179 1182 de·

148 1210 181 1263 10
196 1217 317 1275 cretum,
331 1217 480 1282 praetorem
500 1207 655 1277 occideret,
671 1207 705 1262 ed
718 1226 778 1281 ‘nos
798 1207 947 1285 religione,
963 1206 992 1262 iu
1012 1206 1123 1281 privato
1145 1205 1178 1261 P.
1275 1272 1278 1281 ¹

128 1332 137 1351 χ
196 1285 320 1341 Lentulo
332 1285 488 1359 puniendo,
503 1285 699 1341 liberaremur.
725 1300 729 1309 ·

95 1350 99 1387 ἶ
127 1352 141 1421 κ’
185 1366 197 1421 l
237 1362 306 1418 VII.
348 1362 448 1432 Nunc,
464 1363 609 1436 quoniam,
620 1362 764 1433 Quirites,
776 1362 991 1425 sceleratissimi
1001 1361 1181 1437 periculosis·

107 1444 119 1461 ‘
133 1441 165 1453 '⁸
197 1441 318 1515 simique
339 1441 407 1498 belli
427 1442 552 1498 nefarios
573 1442 662 1497 duces
679 1451 777 1516 captos
788 1441 849 1515 jam
863 1451 892 1497 et
906 1442 1126 1515 comprehensos
1140 1451 1181 1497 te·

197 1521 281 1588 netis,
296 1519 459 1576 existimare
474 1520 594 1590 debetis
609 1537 709 1576 omnes
730 1519 864 1576 Catilinae
882 1519 988 1594 copias,
1003 1538 1102 1576 omnes
1117 1538 1181 1594 spes

149 1596 183 1649 15
198 1608 283 1672 atque
303 1617 380 1673 opes,
396 1599 440 1654 his
460 1598 587 1673 depulsis
607 1597 694 1654 Urbis
707 1597 853 1673 periculis,
869 1598 1038 1654 concidisse.
1080 1598 1180 1657 Quem
1250 1642 1251 1645 ,

198 1678 313 1750 quidem
328 1696 383 1752 ego
396 1675 464 1733 ciun
479 1696 515 1733 ex
528 1676 606 1734 Urbe
626 1677 778 1752 pellebam‚
793 1677 848 1733 hoc
868 1677 1053 1751 providebam
1075 1676 1180 1746 enimc,

196 1756 340 1824 Quirites,
360 1765 469 1812 remoto
496 1755 634 1825 Catilinfr,
655 1775 711 1811 nec
738 1755 809 1811 mihi
830 1774 893 1811 esse
917 1754 949 1810 P.
971 1754 1088 1811 Lentuli
1109 1773 1182 1825 soru-

197 1853 277 1904 num,
297 1853 354 1890 nec
374 1833 408 1890 L.
430 1834 525 1891 Cassii
547 1835 669 1910 adipem,
690 1853 746 1890 nec
767 1833 891 1910 Cethegi
912 1833 1048 1890 furiosam
1069 1832 1183 1889 temeri·

198 1922 297 1982 tatem,
320 1913 588 1988 pertimescendam.
630 1912 684 1968 Ille
712 1923 773 1969 erat
799 1932 875 1968 unus
902 1913 1047 1968 timendus
1074 1931 1110 1969 ex
1137 1912 1182 1968 his

148 1991 184 2043 20
198 1991 340 2061 omnibus,
369 1991 419 2048 sed
446 1992 567 2061 tamdiu,
592 1991 661 2047 dum
688 1991 831 2048 moenibus
858 1989 945 2046 Urbis
971 1990 1181 2047 continebatur.

198 2068 307 2126 Omnia
321 2068 414 2140 mirat,
429 2070 558 2127 omnium
570 2070 664 2126 aditus
675 2070 792 2126 tenebat
804 2089 810 2125 :
833 2069 985 2145 appellare,
996 2078 1119 2138 tentare,
1130 2068 1183 2125 sol·

198 2147 311 2205 licitare
325 2159 445 2223 poterat,
461 2149 593 2205 audebat.
636 2147 707 2204 Erat
728 2148 754 2205 ei
777 2148 930 2204 consilium
951 2148 987 2203 ad
1009 2147 1122 2204 facinus
1138 2166 1184 2222 ap-

199 2237 278 2296 tum;
310 2227 431 2284 consilio
458 2236 554 2283 autem
581 2246 676 2301 neque
702 2227 803 2302 lingua
830 2245 924 2300 neque
947 2242 1051 2282 manus
1075 2227 1182 2282 deerat.
1231 2284 1232 2288 ,

199 2305 218 2361 J
221 2324 276 2376 am,
293 2306 329 2362 ad
344 2316 438 2363 certas
452 2325 498 2363 res
519 2306 724 2376 conficiendas,
740 2315 833 2361 certos
854 2305 985 2362 homines
1006 2305 1134 2361 delectos
1149 2322 1183 2360 ac

149 2385 185 2438 25
200 2384 357 2460 descriptos
379 2386 513 2442 babebat.
555 2384 660 2459 Neque
680 2382 759 2454 verb,
775 2383 843 2441 oiim
866 2384 973 2457 aliquid
988 2385 1184 2453 mandaverat,

201 2464 365 2520 confectum
379 2465 517 2539 putabat:
538 2464 610 2520 nihil
625 2474 696 2533 erat,
712 2464 787 2537 quod
808 2482 865 2520 non
887 2462 947 2538 ipsc
967 2462 1070 2532 obiret,
1084 2482 1185 2520 occur-

200 2552 285 2612 reret,
299 2543 440 2618 vigilaret,
455 2543 615 2600 laboraret:
638 2543 739 2618 frigus,
754 2542 842 2612 sitim,
857 2541 963 2597 famem
978 2541 1051 2597 serre
1065 2550 1183 2616 poterat.
1228 2547 1230 2552 '

239 2620 330 2677 Hunc
347 2638 410 2696 ege,
426 2622 572 2679 hominem
586 2630 645 2677 tam
660 2639 768 2689 aorem,
782 2630 841 2676 tam
861 2629 1003 2694 paratum,
1018 2629 1076 2674 tam
1099 2619 1182 2674 auda·

201 2717 276 2768 cem,
291 2709 349 2754 tam
371 2700 507 2756 callidum
539 2708 598 2754 tam
620 2699 649 2754 in
671 2699 780 2755 scelere
801 2698 978 2772 vigilantem,
993 2706 1053 2752 tam
1074 2697 1103 2752 in
1124 2716 1181 2771 per·

150 2783 186 2838 30
202 2777 269 2832 ditis
292 2777 378 2833 rebus
406 2777 584 2852 diligentem,
612 2776 669 2833 nisi
696 2796 731 2833 ex
746 2776 911 2832 domesticis
939 2775 1051 2831 insidiis
1073 2775 1103 2831 in
1124 2794 1180 2831 cas

201 2866 307 2937 trense·
323 2855 506 2931 latrocinium
534 2855 744 2930 compulissem,
774 2853 885 2928 (dicam
913 2854 953 2922 id,
980 2854 1056 2928 quod
1083 2853 1185 2921 sentio,

201 2933 347 3012 Quirites)
363 2954 421 2991 uon
442 2932 528 2991 facile
550 2935 626 2989 hanc
647 2943 756 2989 tantam
778 2933 882 2990 molem
903 2932 972 2988 mali
993 2933 1186 2989 acervicibus

202 3013 303 3069 vestris
317 3012 498 3087 depulissem.
539 3011 607 3069 Non
629 3012 677 3069 ille
697 3012 780 3069 nobis
801 3011 967 3087 Saturnalia
981 3011 1186 3082 constituisset,
1339 3074 1342 3089 ⁴

202 3110 307 3165 neque,
318 3090 398 3148 tantd
411 3090 488 3162 ante,
500 3091 580 3149 exitii
594 3101 623 3148 et
637 3091 688 3147 fati
703 3092 780 3147 diem
794 3089 960 3165 reipublicae-
972 3091 1186 3160 denuntiassem
1276 3119 1282 3129 ι

153 3181 188 3235 35
203 3189 297 3243 neque
312 3170 510 3240 commisisset,
526 3179 558 3226 ut
578 3171 703 3246 signum,
719 3181 750 3227 ut
770 3170 860 3226 literae
882 3187 940 3225 suae
961 3178 1048 3225 testes
1063 3170 1187 3244 denique

203 3249 347 3306 manifesti
363 3249 480 3321 sceleris
494 3250 793 3325 deprehenderentur:
814 3267 877 3324 quae
891 3266 981 3318 nuuc,
996 3248 1045 3305 illo
1059 3249 1187 3318 absente,

204 3329 247 3385 sic
261 3338 343 3403 gesta
357 3339 433 3398 sunt,
448 3339 479 3385 ut
492 3329 604 3386 nullum
619 3328 648 3385 in
662 3328 773 3404 privata
788 3328 872 3384 domo
886 3327 993 3383 furtum
1010 3346 1137 3401 unquam
1153 3327 1189 3382 sit

204 3418 264 3463 tam
284 3405 379 3482 palam
401 3408 558 3478 inuentum,
572 3406 659 3482 qudm
674 3409 737 3465 haec
754 3416 835 3463 tauta
851 3406 881 3462 in
895 3406 1044 3481 republicd
1059 3406 1190 3481 conjura·

205 3486 245 3542 tio
259 3484 411 3544 manifesto
427 3487 543 3543 inventa
553 3497 637 3560 atque
649 3487 887 3562 deprehensaest.
921 3482 1046 3547 Quodsi
1062 3485 1191 3542 Catilina

156 3573 191 3626 40
207 3566 236 3621 in
257 3564 335 3622 Urbe
357 3566 393 3621 ad
414 3566 491 3623 hanc
512 3566 589 3622 diem
605 3565 805 3634 remansisset3
827 3583 1002 3639 quanquam,
1017 3565 1111 3640 quoad
1126 3564 1189 3633 fuit,

206 3643 339 3701 omnibus
352 3645 415 3719 ejus
428 3644 557 3701 consiliis
570 3645 684 3701 occurri
699 3654 783 3718 atque
797 3643 904 3714 obstiti,
919 3655 1015 3700 tamen
1030 3642 1075 3718 (ut
1084 3642 1191 3699 levissi-

207 3722 254 3778 me
276 3723 386 3801 dicam)
405 3722 603 3779 dimicandum
623 3723 706 3780 nobis
727 3742 795 3781 cum
816 3722 865 3780 illo
885 3723 1001 3792 fuisset;
1024 3740 1119 3794 neque
1139 3739 1191 3777 nos

207 3819 344 3874 unquam,
359 3801 427 3858 dum
442 3800 490 3857 ille
505 3801 534 3857 in
548 3800 627 3858 Urbe
642 3802 730 3858 hostis
745 3801 854 3872 fuisset,
869 3802 957 3858 tantis
970 3799 1106 3876 periculis
1121 3817 1192 3855 rem-

206 3879 363 3957 publicam,
377 3879 458 3941 tants
471 3898 554 3957 pace,
569 3888 649 3938 tanto
662 3880 730 3951 otio,
745 3889 825 3937 tauto
838 3879 962 3950 silentio,
979 3877 1189 3935 liberassemus.
