2702 4464
183 355 225 414 82
446 350 583 402 ORATIO
605 350 675 401 PRO
696 349 796 399 REGE
818 349 1013 399 DEIOTARO.

272 494 428 586 Ignosce,
420 513 548 571 ignosce,
562 492 708 565 Caesar,
685 513 710 550 ει
733 492 795 568 ejus
817 491 870 550 viri
892 491 1055 549 auctoritati
1068 511 1118 549 rex
1132 491 1217 551 Deio·

232 583 312 631 tarus
335 574 431 644 cessit,
445 591 531 647 quem
553 592 606 630 nos
628 590 727 661 omnes
745 571 837 629 secuti
857 589 973 628 sumus:
994 571 1024 628 in
1043 589 1129 646 quem
1149 589 1219 628 oum

234 651 285 710 Dii
308 661 393 727 atque
415 619 545 709 liomines
565 649 662 708 omnia
681 660 850 707 ornamenta
854 649 1083 740 congessissent,
1104 658 1166 705 turn
1185 659 1219 706 tu

234 730 294 807 ipse
313 730 437 806 plurima
455 739 485 787 et
510 729 643 786 maxima
684 728 789 802 Neque
815 728 903 795 enim,
930 726 955 784 si
981 737 1037 784 tuae
1064 746 1111 784 res
1129 737 1219 803 gestae

201 812 403 866 5caeterorum
429 806 563 864 laudibus
594 806 799 864 obscuritatem
833 805 998 876 attuleruut,
1026 805 1135 863 idcirco
1161 805 1218 862 Cn.

232 886 362 962 Pompeii
382 885 549 944 memoriam
570 884 725 942 amisimus.
766 884 918 945 Quantum
928 882 1108 958 nomenejus
1122 883 1218 953 fuerit,

233 974 347 1040 quantae
361 984 438 1041 opes,
451 973 560 1039 quanta
580 962 612 1020 in
631 962 710 1020 omni
724 974 830 1038 genere
851 961 991 1019 bellorum
1004 961 1109 1051 gloria,
1119 961 1219 1049 quanti

234 1044 356 1101 honores
368 1042 463 1118 populi
473 1041 611 1131 Romani,
624 1040 723 1116 quanti
737 1040 862 1110 senatus,
876 1040 976 1114 quanti
996 1040 1049 1109 tui,
1063 1039 1127 1114 quis
1140 1038 1221 1115 igno-

196 1122 298 1179 ratl
340 1120 438 1179 Tanto
457 1119 505 1177 ille
519 1120 677 1194 superiores
690 1118 799 1175 vicerat
811 1118 914 1207 gloria,
921 1127 1029 1206 quanto
1041 1126 1073 1175 tu
1085 1117 1221 1174 omnibus

187 1200 220 1253 lo
233 1199 397 1276 prestitisti.
437 1197 540 1272 Itaque
560 1196 616 1253 Cn
630 1195 758 1271 Pompeii
780 1195 865 1266 bella,
888 1195 1031 1267 victorias,
1051 1195 1220 1270 triumphos,

235 1277 410 1348 consulatus,
432 1275 606 1334 admirantes
625 1275 864 1346 numerabamus3
884 1283 949 1332 tuos
971 1291 1140 1332 enumerare
1160 1292 1220 1332 uon

300 1373 392 1412 umus.

233 1375 311 1491 poll.
346 1433 395 1489 Ad
408 1450 474 1490 eum
489 1430 576 1507 igitur
596 1450 647 1488 rex
669 1430 823 1490 Deiotarus
840 1431 928 1502 venit,
942 1431 997 1489 hoo
1011 1430 1115 1489 misero
1129 1429 1222 1488 fatali·

234 1531 291 1587 que
304 1510 389 1581 bello,
403 1528 488 1585 quem
512 1519 598 1566 antea
615 1509 699 1584 justis
715 1509 926 1606 hostilibusque
947 1509 1031 1566 bellis
1054 1510 1219 1585 adjuverat3

187 1600 221 1654 15
235 1608 359 1664 quocum
373 1599 435 1646 erat
447 1607 505 1645 non
526 1587 648 1676 hospitio
669 1585 771 1659 solum,
786 1586 885 1646 verum
907 1588 994 1646 etiam
1014 1587 1221 1676 familiaritate,

236 1667 422 1756 conjunctum
442 1675 472 1725 et
494 1666 573 1723 vemt
585 1664 629 1722 vel
651 1675 776 1742 rogatus,
791 1675 823 1722 ut
844 1665 970 1736 amicus;
991 1666 1034 1723 vel
1057 1665 1221 1737 arcessitus,

235 1755 268 1803 ut
281 1745 392 1815 socius3
413 1745 458 1803 vel
481 1753 625 1813 evocatus,
647 1753 680 1800 ut
700 1745 725 1801 is
738 1743 788 1818 qui
808 1743 920 1801 senatui
939 1762 1040 1819 parere
1053 1743 1220 1801 didicisset.

234 1821 378 1900 postremd
392 1823 481 1893 venit,
495 1831 527 1879 ut
541 1823 577 1879 ad
596 1789 763 1897 fugientem,
777 1841 834 1880 non
856 1831 888 1878 ut
911 1822 948 1878 ad
968 1822 1175 1896 insequentem,
1189 1821 1222 1878 id

236 1912 289 1974 est,
304 1904 341 1960 ad
353 1901 484 1977 penculi
498 1920 556 1958 non
577 1899 614 1956 ad
627 1900 765 1969 victoriae,
787 1899 964 1958 societatem.
1005 1898 1117 1973 Itaque,
1132 1899 1222 1956 Phar·

171 1987 222 2057 ¹20
236 1947 326 2038 salico
338 1979 439 2056 proelio
453 1979 539 2049 sacto,
554 1997 571 2035 a
584 1977 719 2054 Pompelo
739 1945 890 2036 discessit:
911 1995 990 2053 spem
1004 1976 1144 2035 infinitam
1157 1996 1223 2053 per-

236 2078 316 2148 seun
308 2058 437 2116 noluit:
458 2057 502 2114 vel
515 2023 620 2125 oiiicio,
634 2055 659 2113 si
680 2056 749 2131 quid
772 2055 920 2127 debuerat,
934 2056 978 2113 vel
1000 2055 1098 2126 errori,
1112 2056 1222 2130 siquid

159 2202 163 2215 Ι
236 2137 390 2206 nescierat,
405 2135 584 2192 satisfactum
598 2153 661 2191 esse
675 2133 772 2191 duxit:
793 2134 909 2192 domum
922 2153 954 2191 se
975 2134 1112 2191 contulit:
1133 2143 1222 2208 teque

235 2180 464 2272 Alexandrinum
488 2213 595 2270 bellum
616 2221 744 2289 gerente,
759 2212 931 2270 utilitatibus
951 2212 1009 2269 tuis
1021 2212 1123 2288 paruit.
1164 2211 1222 2269 Ille

195 2291 392 2351 exercitum
416 2292 471 2349 On.
493 2290 624 2362 Domitii,
647 2290 813 2366 amplissimi
836 2289 899 2361 viri,
913 2284 973 2348 suis
990 2290 1075 2348 tectis
1088 2300 1118 2348 et
1130 2309 1223 2365 copus

185 2377 221 2430 25
235 2371 422 2429 sustentavit·
443 2370 491 2428 ille
513 2335 660 2444 Ephesrim
685 2369 720 2425 ad
744 2388 821 2439 eum,
845 2387 930 2443 quem
953 2378 985 2425 tu
998 2368 1104 2426 extuis
1116 2367 1224 2426 fidelis-

235 2449 339 2507 simum
353 2462 382 2506 et
395 2448 626 2544 probatissimum
643 2447 777 2505 omnibus
799 2415 942 2523 delegisti,
955 2447 1109 2522 pecuniam
1122 2446 1222 2505 misit.

236 2527 305 2585 ille
298 2538 411 2597 iterum,
426 2526 473 2584 ille
486 2525 582 2596 tertid,
598 2525 780 2583 auctionibus
793 2525 887 2596 sactis,
900 2525 1053 2601 pecuniam
1065 2525 1144 2583 dedit
1145 2524 1223 2599 ,qud

236 2607 271 2662 ad
286 2605 393 2662 bellum
405 2604 543 2662 utereris·
565 2604 613 2660 ille
629 2622 731 2679 corpus
745 2622 829 2660 suum
842 2603 970 2679 periculo
982 2602 1097 2678 objecit,
1111 2612 1224 2660 tecum·

235 2684 342 2757 quein
366 2682 429 2740 acie
451 2691 551 2739 contra
573 2681 753 2739 Pharnacem
777 2682 848 2751 fuit3
869 2691 1007 2756 tuumque
1027 2682 1224 2756 hostemesse

185 2762 221 2818 30
236 2761 316 2817 duxit
329 2778 422 2817 suum.
462 2759 540 2821 Quae
553 2760 670 2834 quidem
691 2778 708 2816 a
721 2769 750 2817 te
764 2759 794 2818 in
807 2778 872 2817 eam
885 2769 994 2836 partem
1009 2769 1129 2836 accepta
1142 2770 1222 2832 sunt,

236 2838 291 2895 Oai
304 2838 413 2908 Cesar,
427 2846 459 2894 ut
469 2855 536 2894 eum
558 2837 732 2912 amplissimo
751 2839 829 2914 regis
850 2838 957 2896 honore
979 2848 1009 2896 et
1021 2838 1138 2897 nomine
1152 2838 1224 2896 affe-

235 2935 318 2974 ceris.

275 2993 306 3051 Is
319 2992 416 3083 igitur,
430 3013 486 3051 non
500 2990 585 3050 modd
601 3003 660 3051 ate
680 2993 808 3084 periculo
829 2993 977 3066 liberatus,
991 2994 1043 3052 sed
1063 2995 1149 3054 etiarn
1171 2994 1224 3052 ho-

235 3091 304 3129 nore
326 3070 499 3148 amplissimo
521 3080 647 3142 ornatus,
673 3072 801 3148 arguitur
822 3073 898 3129 domi
925 3083 955 3130 te
977 3092 1036 3131 suae
1058 3073 1223 3131 interficere

185 3153 221 3208 3⁵
235 3149 374 3207 voluisse:
395 3151 470 3224 quod
483 3159 525 3220 tu,
539 3148 595 3207 nisi
618 3168 685 3206 eum
706 3149 923 3208 furiosissimum
942 3150 1065 3240 judicas,
1080 3151 1222 3227 suspicari

234 3226 361 3304 profectd
375 3248 433 3286 non
452 3237 539 3303 potes
579 3227 619 3284 Ut
642 3228 720 3284 enim
740 3228 880 3299 omittam,
904 3229 986 3304 cujus
1006 3229 1079 3287 tanti
1102 3230 1223 3288 sceleris

235 3306 353 3378 fuerit,
345 3327 375 3364 ιιι
389 3315 544 3382 conspectu
558 3304 686 3363 Deorum
703 3306 852 3395 penatium
874 3325 980 3364 necare
993 3308 1148 3398 hospitem;
1170 3328 1223 3366 cu·

232 3404 279 3461 Jus
292 3395 379 3442 tantae
403 3383 633 3460 importunitatis,
646 3384 775 3441 omnium
798 3384 927 3473 gentium
950 3395 1035 3460 atque
1048 3388 1141 3444 omnis
1160 3405 1224 3444 me-

236 3463 332 3521 moriae
346 3462 537 3521 clarissimum
546 3462 644 3519 lumen
653 3461 851 3537 exstinguere
866 3462 1043 3538 quustantae
1052 3464 1222 3536 ferocitatis

187 3546 221 3599 40
235 3542 372 3599 victorem
385 3541 461 3598 orbis
484 3550 624 3597 terrarum
645 3559 703 3597 nou
726 3539 929 3610 extimescere,
951 3541 1034 3617 cujus
1053 3552 1113 3599 tam
1137 3543 1224 3600 inhu-

235 3619 313 3676 mani
334 3629 363 3678 et
376 3617 499 3707 ingrati
505 3617 603 3687 animi,
619 3636 713 3692 aquo
726 3637 776 3675 rex
800 3584 956 3693 appellatus
979 3630 1063 3691 esset,
1078 3621 1108 3678 in
1130 3640 1164 3678 eo
1178 3630 1223 3695 ty-

235 3716 357 3754 rannum
379 3694 518 3753 inveniri.
539 3705 571 3751 ut
592 3662 655 3752 liaec
674 3695 815 3766 omittam,
831 3696 913 3771 cujus
935 3698 1008 3755 tanti
1032 3666 1134 3756 sairoris
1154 3698 1221 3769 fuit,

235 3793 334 3832 omnes
347 3793 440 3849 reges,
455 3791 575 3848 quorum
588 3773 670 3829 multi
692 3784 775 3831 erant
794 3741 919 3845 linitimi,
932 3794 1034 3834 omnes
1047 3777 1152 3835 liberos
1171 3796 1223 3852 po-

233 3852 325 3930 pulos,
342 3870 443 3911 omnes
465 3850 567 3923 socios,
588 3869 688 3909 omnes
707 3852 878 3928 provincias,
899 3854 997 3913 omnia
1017 3855 1141 3931 denique
1160 3874 1225 3914 om-
