2702 4464
416 351 553 402 ORATIO
575 353 620 401 IV.
644 352 681 401 IN
704 352 734 401 L.
752 352 964 401 CATILINAM.

198 494 410 569 circumspicite
430 514 529 552 omnes
554 495 702 571 procellas,
727 514 789 569 quae
815 496 989 571 impendent,
1011 495 1066 552 nisi
1093 496 1183 570 provi·

197 573 278 630 detis.
320 572 388 630 Non
410 573 458 630 Ti.
473 574 634 644 Gracchus,
649 574 697 647 qui
722 575 824 630 iterum
848 574 980 630 tribunus
1003 574 1094 648 plebis
1121 575 1182 631 fieri

196 651 301 722 voluit3
332 671 389 709 non
409 652 444 708 Ο.
468 653 629 722 Gracchus,
657 652 705 726 qni
733 653 860 727 agrarios
887 652 1034 709 concitare
1062 662 1182 709 conatus

197 741 256 799 est3
287 749 344 788 non
377 729 411 786 L.
440 729 623 800 Saturninus,
650 730 699 804 qui
732 731 767 787 C.
796 729 967 787 Memmium
999 730 1117 801 occidit,
1151 732 1181 788 in

164 812 182 864 5
196 807 351 865 discrimen
367 808 491 881 aliquod,
507 817 591 882 atque
606 808 636 865 in
650 818 749 865 vestrae
760 808 919 865 severitatis
930 808 1082 884 judicium,
1094 809 1182 864 addu-

44 922 53 948 t
196 887 280 943 citur.
322 886 474 943 Tenentur
489 886 518 956 ii,
533 886 591 960 qui,
604 887 639 942 ad
653 886 740 943 Urbis
754 888 931 957 incendium,
944 888 979 942 ad
990 897 1112 944 vestram
1122 906 1182 944 om·

195 964 275 1021 nium
291 966 409 1035 caedem,
425 965 462 1021 ad
475 964 632 1023 Catilinam
654 965 865 1040 accipiendum,
880 965 983 1021 Romae
1007 965 1179 1021 restiterunt.

196 1043 347 1100 Tenentur
371 1043 471 1114 literae,
486 1043 578 1119 signa,
593 1062 705 1114 manus,
722 1044 846 1118 denique
870 1043 1094 1118 uniuscujusque
1115 1063 1182 1099 con·

197 1121 297 1179 fessio:
318 1123 506 1180 sollicitantur
521 1123 707 1198 Allobroges3
728 1123 844 1179 servitia
854 1122 1032 1179 excitantur:
1053 1121 1181 1178 Catilina

148 1199 181 1251 10
197 1201 366 1257 arcessitur:
388 1202 417 1256 id
431 1211 474 1257 est
497 1200 600 1257 initum
624 1201 785 1270 consilium,
800 1211 840 1270 ut,
856 1200 1015 1257 interfectis
1037 1200 1179 1270 omnibus,

195 1297 289 1348 neme,
304 1298 341 1335 ne
356 1280 392 1335 ad
406 1279 611 1354 deplorandum
632 1278 748 1351 quidem
770 1279 934 1353 reipublicae
959 1297 1073 1347 nomen,
1095 1288 1180 1351 atque

196 1374 214 1412 a
246 1357 460 1413 lamentandam
473 1356 545 1412 tanti
560 1355 671 1431 imperii
686 1356 890 1425 calamitatem,
905 1356 1124 1429 relinquatur!
1142 1358 1154 1428 J

115 1430 143 1522 2
235 1433 293 1491 ΙΙΙ.
315 1434 389 1491 Haec
402 1434 499 1491 omnia
513 1434 623 1490 indices
638 1434 810 1504 detulerunt,
825 1433 867 1491 rei
882 1433 1005 1491 confessi
1026 1443 1109 1502 sunt3
1130 1453 1180 1491 vos

195 1513 293 1569 multis
310 1512 369 1588 jam
386 1513 504 1588 judiciis
527 1512 695 1588 judicastis:
722 1510 857 1587 primum,
878 1509 955 1585 qudd
975 1512 1046 1568 mihi
1073 1513 1180 1587 gratias

148 1601 181 1654 15
196 1591 295 1667 egistis
308 1591 501 1666 singularibus
516 1590 623 1659 verbis;
646 1600 684 1661 et,
698 1590 764 1647 meai
787 1591 891 1647 virtute
913 1601 997 1664 atque
1017 1590 1178 1665 diligantid,

194 1670 369 1745 perditorum
383 1670 530 1726 hominnm
543 1669 716 1744 patefactam
731 1688 793 1726 esse
804 1669 1029 1744 conjurationem
1039 1668 1180 1724 decrevis·
1272 1734 1283 1751 .

195 1748 247 1816 tis;
270 1749 384 1817 deinde,
399 1744 475 1822 qubd
489 1747 520 1804 P.
536 1747 701 1818 Lentulum,
716 1758 747 1803 ut
761 1767 791 1805 se
807 1747 954 1804 abdicaret
966 1745 1100 1822 praetura,
1114 1751 1179 1804 coe-

195 1827 292 1903 gistis3
321 1836 382 1883 tum
402 1824 479 1900 qubd
500 1845 577 1896 eum,
592 1837 620 1883 et
641 1837 767 1896 caeter0s‚
790 1826 949 1901 dequibus
966 1825 1128 1900 judicastis
1150 1826 1179 1882 in

196 1905 355 1962 custodiam
370 1905 479 1961 dandos
492 1905 660 1975 censuistis;
682 1904 874 1978 maximeque,
889 1901 966 1977 quod
986 1922 1052 1962 meo
1065 1904 1180 1961 nomine

145 1990 181 2045 ΒΟ
196 1983 432 2059 supplicationem
446 1983 628 2053 decrevistis,
650 1984 699 2056 qui
713 1984 801 2040 honos
815 1993 911 2058 togato
925 1983 1039 2038 habitus
1054 1991 1120 2037 ante
1133 2001 1180 2039 me

195 2071 239 2118 est
252 2061 378 2118 nemini:
398 2059 552 2136 postremi),
567 2062 700 2118 hesterno
713 2062 760 2117 die
783 2062 901 2137 praemia
924 2061 1027 2137 legatis
1051 2060 1180 2117 Allobro·

195 2159 274 2216 gum,
298 2140 424 2214 Titoque
447 2140 610 2210 Vulturcio,
634 2140 753 2196 dedistis
781 2139 962 2214 amplissima.
1015 2139 1093 2199 Qua>
1114 2147 1181 2195 sunt

193 2218 291 2276 omnia
304 2218 453 2293 ejusmodi,
467 2227 500 2275 ut
513 2217 544 2289 ii,
558 2218 607 2293 qui
621 2217 652 2275 in
666 2218 825 2275 custodiam
839 2216 1008 2275 nominatim
1030 2217 1089 2273 dati
1103 2227 1180 2289 sunt,

193 2297 257 2354 sine
271 2296 330 2353 allai
343 2297 520 2354 dubitatione
535 2316 552 2354 a
565 2298 645 2354 vobis
658 2296 786 2354 damnati
800 2315 863 2353 esse
877 2296 1034 2353 videantur.

144 2379 180 2433 25
235 2376 294 2433 Sed
307 2395 361 2452 ego
375 2375 485 2432 institui
499 2376 605 2433 referre
620 2376 727 2446 advos,
742 2375 842 2432 Patres
857 2374 1028 2450 Conscripti‚
1043 2386 1180 2448 tanquam

194 2454 348 2530 integrum,
363 2455 441 2512 etde
456 2454 541 2525 facto,
556 2455 625 2528 quid
645 2454 791 2529 judicetis,
806 2464 835 2511 et
858 2455 894 2511 de
917 2454 1012 2530 poenai,
1027 2454 1095 2527 quid
1114 2473 1181 2511 cen·

194 2533 288 2590 seatis.
331 2532 386 2590 Illa
398 2533 563 2609 praedieam
577 2553 640 2608 quaa
654 2543 721 2590 sunt
734 2532 868 2590 consulis

233 2610 298 2686 Ego
310 2629 447 2686 magnum
462 2611 492 2667 in
505 2611 654 2686 republicai
677 2611 784 2669 versari
808 2611 942 2679 furorem,
966 2620 995 2667 et
1018 2629 1091 2667 nova
1104 2629 1180 2684 quaa-

194 2688 261 2744 dam
276 2689 390 2745 misceri
404 2699 433 2745 et
447 2690 586 2745 concitari
597 2690 682 2758 mala,
694 2689 863 2763 jampridem
875 2688 1023 2744 videbam:
1039 2689 1089 2743 sed
1103 2689 1179 2745 hanc

144 2769 180 2823 30
194 2776 313 2836 tantam,
327 2776 387 2822 tam
401 2767 549 2823 exitiosam
563 2767 662 2823 haberi
683 2766 907 2841 conjurationem
933 2784 950 2821 a
973 2766 1093 2835 civibuS,
1107 2786 1180 2822 nun·

194 2863 280 2918 quam
292 2844 398 2919 putavi.
439 2842 538 2913 Nunc,
553 2844 692 2918 quidquid
715 2854 767 2914 est,
782 2840 963 2917 quecunque
977 2853 1076 2900 vestrae
1101 2863 1179 2900 men-

135 2944 137 2949 ·
194 2932 238 2980 tes
252 2923 393 2979 inclinant
407 2932 491 2996 atque
505 2922 663 2993 sententiae,
678 2923 861 2979 statuendum
881 2921 960 2978 vobis
985 2932 1050 2978 ante
1064 2935 1178 2979 noctem

193 3011 246 3058 est.
287 3001 439 3062 Quantum
454 3001 567 3058 facinus
581 3001 679 3058 advos
694 3001 819 3058 delatum
840 3000 886 3070 sit,
901 2999 1011 3056 videtis.
1054 3000 1133 3056 Huic
1153 3001 1177 3057 si

193 3099 301 3155 paucos
313 3080 419 3155 putatis
440 3079 539 3136 affines
558 3099 631 3150 esse,
646 3080 828 3136 vehementer
849 3078 957 3135 erratis.
999 3078 1101 3135 Latius
1121 3079 1178 3154 opi·

143 3163 181 3217 35
194 3159 280 3216 nione
294 3158 510 3215 disseminatum
525 3169 568 3215 est
582 3159 636 3216 hoc
650 3159 773 3215 malum:
795 3158 930 3227 manavit,
945 3177 1002 3213 non
1023 3154 1115 3214 solum
1128 3177 1177 3232 per

194 3237 320 3307 Italiam,
334 3235 433 3294 verbm
447 3237 535 3294 etiam
548 3237 725 3294 transcendit
740 3237 844 3312 Alpes3
865 3245 904 3306 et,
918 3234 1039 3293 obscure
1052 3255 1176 3311 serpens,

194 3316 299 3373 multas
309 3316 369 3391 jam
381 3315 542 3391 provincias
553 3315 713 3391 occupavit.
755 3314 791 3371 Id
803 3315 923 3390 opprimi
944 3315 1129 3371 sustentando
1143 3333 1177 3371 ac

194 3396 361 3471 prolatando
387 3395 465 3452 nullo
487 3404 572 3469 pacto
594 3404 693 3470 potest.
728 3393 920 3538 Juacunque
944 3393 1053 3450 ratione
1073 3393 1176 3468 placet,

195 3475 327 3532 celeriter
341 3474 420 3531 vobis
434 3474 639 3531 vindicandum
653 3483 704 3529 est.

144 3554 181 3607 40
235 3552 288 3609 IV.
330 3548 424 3611 Video
437 3553 509 3609 duas
524 3553 692 3608 adhucesse
715 3551 889 3621 sententias;
911 3569 999 3607 unam
1022 3549 1058 3607 D.
1075 3549 1177 3621 Silani,

195 3631 244 3704 qui
259 3637 367 3700 censet,
381 3650 439 3700 eos,
454 3632 501 3705 qui
517 3633 580 3688 haec
594 3631 689 3688 delere
710 3630 805 3687 conati
825 3640 901 3700 sunt,
915 3639 1005 3688 morte
1025 3648 1088 3685 esse
1108 3628 1179 3685 mul·

195 3710 316 3766 tandos:
338 3709 456 3765 alteram
471 3709 506 3766 C.
521 3709 654 3780 Caesaris,
668 3709 717 3784 qui
732 3708 829 3766 mortis
843 3727 955 3783 poenam
975 3716 1110 3774 removet,
1125 3724 1179 3762 cae-

196 3797 320 3844 terorum
334 3787 537 3862 suppliciorum
556 3806 656 3845 omnes
677 3787 847 3845 acerbitates
869 3786 1056 3860 amplectitur.
1097 3783 1179 3839 Uter-

196 3886 262 3941 que,
289 3877 317 3923 et
342 3885 394 3941 pro
420 3865 472 3921 sud
499 3865 639 3941 dignitate
666 3876 695 3923 et
720 3885 771 3940 pro
797 3882 892 3923 rerum
919 3862 1127 3939 magnitudine,
1149 3862 1179 3918 in
