2658 4468
174 371 232 433 1³0
480 372 618 423 ormo
639 371 678 422 IN
699 371 738 421 Μ.
762 369 969 421 ammomum.

220 524 354 574 oneraret
381 515 611 578 dionisam
636 516 716 574 enim
734 533 833 574 meum
853 515 885 573 in
905 512 992 571 istius
1020 507 1211 588 gloriosissimi

222 593 292 652 lacti
320 595 499 652 couscientid
525 613 631 653 nomen
659 595 790 652 audivitl
819 594 903 670 cujus
931 601 1043 661 autem,
1064 589 1161 665 quiin
1180 607 1211 644 eo

222 691 343 731 numero
362 672 473 744 fuisset,
493 692 599 732 nomen
619 684 663 731 est
681 673 882 731 occultatum?
915 670 1110 729 occultatum
1130 667 1211 723 dicol

223 750 307 826 cujus
332 771 391 809 non
411 753 507 809 statim
534 752 736 829 divulgatuml
769 750 866 809 Citius
886 750 1023 820 dixerim,
1041 747 1166 824 jsousso
1184 763 1212 801 se

190 829 344 904 deliquos,
358 840 391 888 ut
410 831 500 889 fuisse
520 831 550 888 in
571 831 626 889 isra
646 831 784 888 socictate
804 831 982 900 siderentur,
997 828 1049 902 qui
1070 824 1141 884 socii
1160 842 1214 880 non

224 908 355 981 fuissent,
369 908 457 984 quim
470 919 503 967 ut
516 909 667 985 quisquam
681 910 770 967 celari
784 909 878 980 vellet,
892 909 942 984 qui
957 908 1070 966 fuisset.

263 986 365 1050 Quam
386 989 539 1047 verisimile
558 986 643 1064 porrd
662 998 716 1059 est,
737 988 768 1046 in
788 997 830 1046 tot
850 987 1028 1056 bominibus,
1048 982 1153 1060 partim
1170 980 1214 1038 ob-

224 1067 327 1137 scuris,
340 1067 445 1143 partim
465 1067 696 1126 adolescentibus
715 1067 863 1136 neminem
879 1063 1110 1133 occultantibus,
1124 1077 1214 1116 meum

224 1164 330 1204 nomen
350 1147 440 1204 latere
458 1145 607 1222 potuissel
640 1145 768 1217 Etenim,
783 1146 808 1202 si
829 1155 961 1203 auctores
981 1144 1020 1200 ad
1039 1138 1213 1199 liberandum

176 1231 210 1286 to
224 1224 346 1300 patriam
367 1225 598 1282 desiderarentur
618 1224 675 1281 illis
696 1225 871 1295 auctoribus,
892 1224 1000 1281 Brutos
1020 1240 1079 1297 ego
1097 1217 1214 1293 impelle·

224 1322 296 1373 rem,
318 1321 439 1377 quorum
465 1312 585 1378 uterque
612 1302 646 1360 L.
668 1302 751 1360 Bruti
772 1304 929 1379 imaginem
948 1300 1083 1377 quotidie
1103 1297 1213 1364 videret,

226 1381 297 1439 ulter
317 1381 405 1438 etiam
425 1381 551 1439 Ahalaet
585 1381 642 1438 His
662 1382 750 1459 igitur
779 1381 936 1457 majoribus
962 1380 1031 1450 orti,
1055 1378 1093 1434 ab
1120 1374 1213 1432 alienis

223 1457 319 1536 potiris
345 1458 497 1517 consilium
523 1469 663 1536 peterent,
691 1458 778 1533 quim
806 1479 823 1517 a
849 1460 933 1517 suisl
969 1470 1001 1518 et
1028 1457 1099 1515 foris
1117 1450 1213 1531 potiris,

225 1534 312 1612 qudm
332 1537 438 1596 domol
467 1537 574 1600 Quidl
604 1539 639 1597 C.
654 1539 784 1610 Cassius,
799 1539 830 1597 iu
850 1539 886 1596 ei
906 1538 1020 1596 familie
1041 1544 1136 1603 natus,
1157 1549 1213 1606 que

177 1619 211 1673 tt
224 1635 283 1674 non
296 1613 382 1674 nodo
397 1616 585 1688 dominatum,
600 1618 652 1675 sed
672 1636 710 1675 ne
729 1617 887 1694 potentiam
905 1617 1035 1692 quidem,
1051 1614 1214 1689 cujusquam

225 1695 300 1753 ferre
325 1695 427 1770 potuit,
448 1714 495 1754 me
523 1705 670 1754 auctorem
691 1694 806 1776 (credo)
830 1696 1022 1755 desideravit:
1052 1693 1114 1769 qui,
1134 1690 1214 1747 etiam

225 1774 288 1831 sine
308 1773 354 1830 his
374 1774 542 1832 clarissimis
561 1775 639 1847 viris,
660 1776 737 1833 hanc
763 1795 825 1833 rem
852 1776 883 1833 in
910 1775 1030 1846 Cilicis,
1053 1773 1091 1830 ad
1117 1767 1213 1828 ostium

225 1851 355 1909 fluminis
374 1852 470 1928 Cydni
491 1853 673 1925 confecisset,
688 1854 713 1911 si
734 1854 782 1912 ille
803 1854 840 1911 ad
854 1872 919 1911 eam
932 1854 1038 1930 ripam,
1053 1869 1140 1926 quam
1154 1864 1214 1904 con·

226 1931 367 2003 stituerat,
387 1951 447 1990 non
467 1932 504 1989 ad
524 1934 708 2004 contrariam,
729 1952 820 1990 naves
838 1933 1001 2009 appulisset.
1047 1930 1103 1989 Cn.
1124 1923 1214 1984 Domi·

175 2011 212 2067 w
225 2009 299 2066 tium
312 2028 370 2068 non
389 2010 479 2086 putris
497 2011 639 2084 interitus,
653 2011 806 2070 clarissimi
820 2012 883 2083 viri,
897 2031 955 2070 non
976 2008 1116 2069 avunculi
1135 2020 1212 2071 mors,

226 2107 284 2146 non
307 2089 438 2165 spoliatio
464 2089 623 2167 dignitatis,
648 2091 684 2149 ad
711 2091 940 2167 recuperandam
966 2091 1142 2156 libertatem,
1168 2079 1212 2139 sed

226 2185 293 2224 mea
314 2168 479 2239 auctoritas,
501 2171 661 2227 excitavitl
693 2170 741 2227 An
763 2170 798 2227 C.
820 2169 969 2228 Trebonio
991 2189 1050 2247 ego
1071 2159 1211 2244 persuasil

226 2246 275 2304 cui
295 2265 333 2304 na
352 2248 475 2306 suadere
494 2249 612 2322 quidem
633 2267 719 2305 ausus
739 2267 841 2306 essem.
882 2247 955 2309 Quo
972 2249 1063 2306 etiam
1084 2243 1212 2318 majorem

226 2325 255 2383 ei
274 2327 439 2403 respublica
458 2327 582 2403 gratiam
602 2327 697 2398 debet,
718 2328 767 2402 qui
788 2327 950 2384 libertatem
970 2327 1069 2403 populi
1093 2315 1211 2381 Romani

176 2408 212 2463 Ἃ
227 2405 314 2463 unius
347 2406 482 2463 amicitiae
513 2406 676 2483 preposuit,
703 2406 893 2482 depulsorque
927 2405 1102 2474 dominabis,
1133 2394 1212 2474 qulm

225 2485 379 2561 particeps,
394 2504 458 2543 asse
478 2485 588 2543 maluit.
630 2486 680 2542 An
700 2484 734 2542 L.
750 2485 858 2543 Tillius
871 2485 990 2542 Cimber
1004 2503 1053 2543 me
1067 2491 1111 2541 est
1124 2485 1213 2563 auctq·

227 2582 288 2620 rem
302 2565 442 2622 secutusl
463 2582 549 2638 quem
563 2584 618 2641 ego
630 2564 724 2640 magis
737 2564 842 2621 secisse
863 2564 942 2621 illam
962 2582 1024 2621 rem
1035 2580 1109 2621 sum
1130 2557 1211 2615 admi-

227 2651 316 2711 ratus,
337 2641 424 2718 qudm
451 2642 595 2700 facturum
621 2642 727 2719 putavi.
770 2642 940 2699 Admiratus
967 2650 1155 2699 sumentem
1179 2631 1212 2690 ob

227 2738 292 2776 eam
313 2735 442 2786 causam,
462 2719 541 2796 qubd
565 2722 714 2779 immemor
740 2721 957 2792 beneficiorum,
979 2739 1091 2779 memor
1109 2713 1210 2793 patric,

176 2804 213 2860 ³0
228 2797 337 2855 luisset.
377 2798 461 2859 Quid
475 2799 547 2856 duos
561 2800 707 2871 Servilios,
722 2801 834 2857 Cuscss
851 2800 957 2871 dicam,
974 2819 1011 2857 an
1030 2794 1160 2857 Ahalasl
1185 2797 1211 2846 cl

227 2876 279 2933 hos
300 2876 470 2934 auctoritate
495 2877 561 2934 med
582 2897 684 2935 censes
705 2879 844 2936 excitatos
864 2877 969 2955 potiris,
990 2876 1079 2953 qudm
1099 2873 1210 2934 caritate

227 2954 416 3030 reipublicoel
450 2955 583 3032 Longum
603 2966 647 3014 est
665 2958 799 3034 persequi
820 2968 957 3016 ceteros:
979 2958 1066 3032 idque
1086 2947 1210 3030 reipubli-

228 3052 270 3090 cae
283 3033 463 3108 preclarum,
479 3033 567 3091 fuisse
580 3044 639 3091 tam
653 3036 773 3106 multos;
795 3036 864 3112 ipsis
877 3037 1040 3114 gloriosum.

267 3111 340 3169 XII.
375 3113 426 3183 At,
440 3114 681 3187 quemadmodum
702 3134 749 3172 me
768 3117 932 3192 coarguerit
951 3118 1035 3173 homo
1050 3123 1159 3180 acutus,
1172 3124 1210 3163 re·

177 3200 213 3256 35
228 3192 395 3249 cordamini.
438 3198 456 3225 “
467 3193 584 3250 Caesare
604 3194 784 3264 interfecto‚”
800 3195 903 3270 inquit,
919 3201 937 3228 “
948 3194 1046 3252 statim
1066 3199 1208 3252 cruentum

229 3270 285 3328 alte
307 3271 445 3329 extollens
472 3270 514 3329 M.
536 3272 643 3329 Brutus
668 3273 834 3349 pugionem,
855 3274 1030 3331 Ciceronem
1050 3265 1209 3330 nominatim

228 3350 409 3420 exclamavit,
425 3361 510 3425 atque
530 3351 558 3408 ei
578 3362 777 3427 recuperatam
795 3352 958 3409 libertatem
973 3361 1016 3409 est
1030 3340 1207 3428 gratulatus.”

228 3430 289 3487 Cur
303 3430 374 3488 mihi
387 3428 590 3506 potissimdml
620 3429 699 3506 qudd
719 3431 870 3488 sciebsml
900 3431 988 3502 Vide,
1003 3450 1041 3488 ne
1061 3431 1111 3488 illa
1129 3437 1209 3485 causa

229 3508 315 3566 fuerit
339 3509 500 3585 appellandi
524 3527 580 3581 me,
595 3508 683 3584 qudd,
705 3507 772 3567 cum
796 3528 858 3566 rem
879 3511 1016 3586 gessisset
1039 3503 1208 3568 consimilem
1242 3549 1247 3553 .

177 3593 214 3648 dl)
228 3588 314 3644 rebus
328 3588 364 3645 iis
377 3607 448 3663 quas
469 3588 529 3664 ipse
549 3608 704 3664 gesseram,
720 3607 767 3645 me
786 3587 967 3664 potissimum
987 3598 1107 3646 testatus
1120 3593 1168 3651 est,
1181 3595 1208 3634 se

228 3666 364 3722 emulum
392 3686 521 3723 mearum
551 3667 670 3725 laudum
694 3668 844 3725 exstitisse.
886 3667 937 3724 Tu
959 3677 1065 3738 autem,
1090 3661 1208 3724 omnium

228 3744 404 3814 stultissime,
419 3765 476 3802 non
490 3745 636 3822 intelligis,
651 3747 675 3803 si
697 3746 736 3817 id,
751 3747 827 3820 quod
847 3765 894 3804 me
916 3747 1022 3822 arguis,
1037 3746 1156 3803 voluisse
1173 3738 1205 3793 in·

228 3822 320 3879 terlici
351 3824 506 3894 Caesarem,
528 3825 639 3882 crimen
670 3826 724 3894 sit3
759 3827 856 3896 etiarn,
877 3826 1006 3883 laetatum
1036 3844 1100 3882 esse
1128 3824 1208 3879 morle

228 3900 363 3973 Cesaris,
377 3902 488 3959 crimen
508 3904 593 3960 assei
626 3904 710 3983 Quid
734 3905 812 3962 enim
835 3905 955 3963 interest
975 3904 1052 3963 inter
1073 3908 1208 3963 suasorem
