<?xml version="1.0" encoding="UTF-8"?>
<!DOCTYPE html PUBLIC "-//W3C//DTD XHTML 1.0 Transitional//EN"
    "http://www.w3.org/TR/xhtml1/DTD/xhtml1-transitional.dtd">
<html xmlns="http://www.w3.org/1999/xhtml" xml:lang="en" lang="en">
 <head>
  <title>
</title>
<meta http-equiv="Content-Type" content="text/html;charset=utf-8" />
  <meta name='ocr-system' content='tesseract 3.04.00' />
  <meta name='ocr-capabilities' content='ocr_page ocr_carea ocr_par ocr_line ocrx_word'/>
</head>
<body>
  <div class='ocr_page' id='page_1' title='image "./orationesqudams01cicegoog/orationesqudams01cicegoog_0109.png"; bbox 0 0 2658 4468; ppageno 0'>
   <div class='ocr_carea' id='block_1_1' title="bbox 175 367 1019 429">
    <p class='ocr_par' dir='ltr' id='par_1_1' title="bbox 175 367 1019 429">
     <span class='ocr_line' id='line_1_1' title="bbox 175 367 1019 429; baseline 0.004 -13"><span class='ocrx_word' id='word_1_1' title='bbox 175 368 234 429; x_wconf 84' lang='lat'><strong>1⁰6</strong></span> <span class='ocrx_word' id='word_1_2' title='bbox 424 367 562 418; x_wconf 71' lang='lat' dir='ltr'><strong>caurio</strong></span> <span class='ocrx_word' id='word_1_3' title='bbox 584 367 655 418; x_wconf 79' lang='lat' dir='ltr'><strong>eno</strong></span> <span class='ocrx_word' id='word_1_4' title='bbox 676 368 708 418; x_wconf 85' lang='lat' dir='ltr'><strong>T.</strong></span> <span class='ocrx_word' id='word_1_5' title='bbox 730 368 846 419; x_wconf 79' lang='lat' dir='ltr'><strong>numo</strong></span> <span class='ocrx_word' id='word_1_6' title='bbox 867 369 1019 420; x_wconf 76' lang='lat' dir='ltr'><strong>MILONE.</strong></span> 
     </span>
    </p>
   </div>
   <div class='ocr_carea' id='block_1_2' title="bbox 180 512 1301 4066">
    <p class='ocr_par' dir='ltr' id='par_1_2' title="bbox 224 512 1230 829">
     <span class='ocr_line' id='line_1_2' title="bbox 264 512 1229 590; baseline 0.003 -20"><span class='ocrx_word' id='word_1_7' title='bbox 264 512 320 570; x_wconf 87' lang='lat' dir='ltr'><strong>IX.</strong></span> <span class='ocrx_word' id='word_1_8' title='bbox 340 512 552 586; x_wconf 76' lang='lat' dir='ltr'><strong>Quamobrem,</strong></span> <span class='ocrx_word' id='word_1_9' title='bbox 571 512 696 590; x_wconf 86' lang='lat' dir='ltr'><strong>judices,</strong></span> <span class='ocrx_word' id='word_1_10' title='bbox 720 522 754 570; x_wconf 96' lang='lat' dir='ltr'><strong>ut</strong></span> <span class='ocrx_word' id='word_1_11' title='bbox 780 513 936 589; x_wconf 87' lang='lat' dir='ltr'><strong>aliquando</strong></span> <span class='ocrx_word' id='word_1_12' title='bbox 957 514 993 572; x_wconf 92' lang='lat' dir='ltr'><strong>ad</strong></span> <span class='ocrx_word' id='word_1_13' title='bbox 1020 533 1140 573; x_wconf 88' lang='lat' dir='ltr'><strong>causam</strong></span> <span class='ocrx_word' id='word_1_14' title='bbox 1170 535 1229 573; x_wconf 87' lang='lat' dir='ltr'><strong>crr-</strong></span> 
     </span>
     <span class='ocr_line' id='line_1_3' title="bbox 224 592 1229 669; baseline 0.002 -19"><span class='ocrx_word' id='word_1_15' title='bbox 224 611 349 667; x_wconf 90' lang='lat' dir='ltr'><strong>menque</strong></span> <span class='ocrx_word' id='word_1_16' title='bbox 363 593 529 664; x_wconf 85' lang='lat' dir='ltr'><strong>veniamus;</strong></span> <span class='ocrx_word' id='word_1_17' title='bbox 551 594 576 651; x_wconf 91' lang='lat' dir='ltr'><strong>si</strong></span> <span class='ocrx_word' id='word_1_18' title='bbox 590 612 685 669; x_wconf 89' lang='lat' dir='ltr'><strong>neque</strong></span> <span class='ocrx_word' id='word_1_19' title='bbox 698 592 793 650; x_wconf 90' lang='lat' dir='ltr'><strong>omnis</strong></span> <span class='ocrx_word' id='word_1_20' title='bbox 815 593 959 652; x_wconf 82' lang='lat' dir='ltr'><strong>confessio</strong></span> <span class='ocrx_word' id='word_1_21' title='bbox 981 594 1051 652; x_wconf 84' lang='lat' dir='ltr'><strong>sacti</strong></span> <span class='ocrx_word' id='word_1_22' title='bbox 1075 605 1119 652; x_wconf 87' lang='lat' dir='ltr'><strong>est</strong></span> <span class='ocrx_word' id='word_1_23' title='bbox 1134 595 1229 652; x_wconf 91' lang='lat' dir='ltr'><strong>inusi-</strong></span> 
     </span>
     <span class='ocr_line' id='line_1_4' title="bbox 224 672 1230 748; baseline 0.002 -19"><span class='ocrx_word' id='word_1_24' title='bbox 224 683 304 742; x_wconf 90' lang='lat' dir='ltr'><strong>tata;</strong></span> <span class='ocrx_word' id='word_1_25' title='bbox 325 691 419 747; x_wconf 90' lang='lat' dir='ltr'><strong>neque</strong></span> <span class='ocrx_word' id='word_1_26' title='bbox 441 672 478 730; x_wconf 94' lang='lat' dir='ltr'><strong>de</strong></span> <span class='ocrx_word' id='word_1_27' title='bbox 500 673 590 730; x_wconf 72' lang='lat' dir='ltr'><strong>causa</strong></span> <span class='ocrx_word' id='word_1_28' title='bbox 604 674 762 748; x_wconf 77' lang='lat' dir='ltr'><strong>quidquam</strong></span> <span class='ocrx_word' id='word_1_29' title='bbox 786 672 884 730; x_wconf 75' lang='lat' dir='ltr'><strong>nostri</strong></span> <span class='ocrx_word' id='word_1_30' title='bbox 907 672 999 745; x_wconf 88' lang='lat' dir='ltr'><strong>aliter,</strong></span> <span class='ocrx_word' id='word_1_31' title='bbox 1015 693 1050 731; x_wconf 88' lang='lat' dir='ltr'><strong>ac</strong></span> <span class='ocrx_word' id='word_1_32' title='bbox 1064 694 1117 731; x_wconf 90' lang='lat' dir='ltr'><strong>nos</strong></span> <span class='ocrx_word' id='word_1_33' title='bbox 1138 674 1230 732; x_wconf 88' lang='lat' dir='ltr'><strong>velle·</strong></span> 
     </span>
     <span class='ocr_line' id='line_1_5' title="bbox 225 751 1229 829; baseline 0.003 -22"><span class='ocrx_word' id='word_1_34' title='bbox 225 769 300 822; x_wconf 89' lang='lat' dir='ltr'><strong>mus,</strong></span> <span class='ocrx_word' id='word_1_35' title='bbox 315 770 332 808; x_wconf 93' lang='lat' dir='ltr'><strong>a</strong></span> <span class='ocrx_word' id='word_1_36' title='bbox 346 762 449 809; x_wconf 88' lang='lat' dir='ltr'><strong>senatu</strong></span> <span class='ocrx_word' id='word_1_37' title='bbox 467 752 631 828; x_wconf 89' lang='lat' dir='ltr'><strong>judicatum</strong></span> <span class='ocrx_word' id='word_1_38' title='bbox 644 762 704 821; x_wconf 85' lang='lat' dir='ltr'><strong>est3</strong></span> <span class='ocrx_word' id='word_1_39' title='bbox 726 762 756 810; x_wconf 88' lang='lat' dir='ltr'><strong>et</strong></span> <span class='ocrx_word' id='word_1_40' title='bbox 778 752 850 810; x_wconf 87' lang='lat' dir='ltr'><strong>lator</strong></span> <span class='ocrx_word' id='word_1_41' title='bbox 873 752 934 828; x_wconf 88' lang='lat' dir='ltr'><strong>ipse</strong></span> <span class='ocrx_word' id='word_1_42' title='bbox 957 753 1040 829; x_wconf 87' lang='lat' dir='ltr'><strong>legis,</strong></span> <span class='ocrx_word' id='word_1_43' title='bbox 1062 751 1131 810; x_wconf 76' lang='lat' dir='ltr'><strong>cum</strong></span> <span class='ocrx_word' id='word_1_44' title='bbox 1147 761 1229 810; x_wconf 89' lang='lat' dir='ltr'><strong>esset</strong></span> 
     </span>
    </p>

    <p class='ocr_par' dir='ltr' id='par_1_3' title="bbox 192 831 1230 1226">
     <span class='ocr_line' id='line_1_6' title="bbox 192 831 1229 908; baseline 0.003 -21"><span class='ocrx_word' id='word_1_45' title='bbox 192 833 212 887; x_wconf 85' lang='lat'><strong>5</strong></span> <span class='ocrx_word' id='word_1_46' title='bbox 226 831 420 889; x_wconf 84' lang='lat' dir='ltr'><strong>controversia</strong></span> <span class='ocrx_word' id='word_1_47' title='bbox 441 831 523 889; x_wconf 90' lang='lat' dir='ltr'><strong>nulla</strong></span> <span class='ocrx_word' id='word_1_48' title='bbox 541 833 621 902; x_wconf 84' lang='lat' dir='ltr'><strong>sacti,</strong></span> <span class='ocrx_word' id='word_1_49' title='bbox 641 831 714 908; x_wconf 88' lang='lat' dir='ltr'><strong>juris</strong></span> <span class='ocrx_word' id='word_1_50' title='bbox 728 841 825 889; x_wconf 90' lang='lat' dir='ltr'><strong>tamen</strong></span> <span class='ocrx_word' id='word_1_51' title='bbox 839 832 1077 908; x_wconf 78' lang='lat' dir='ltr'><strong>disceptationem</strong></span> <span class='ocrx_word' id='word_1_52' title='bbox 1092 852 1157 890; x_wconf 88' lang='lat' dir='ltr'><strong>esse</strong></span> <span class='ocrx_word' id='word_1_53' title='bbox 1177 851 1229 890; x_wconf 88' lang='lat' dir='ltr'><strong>vo-</strong></span> 
     </span>
     <span class='ocr_line' id='line_1_7' title="bbox 225 910 1230 987; baseline 0.001 -19"><span class='ocrx_word' id='word_1_54' title='bbox 225 910 295 981; x_wconf 90' lang='lat' dir='ltr'><strong>luit;</strong></span> <span class='ocrx_word' id='word_1_55' title='bbox 316 920 346 968; x_wconf 93' lang='lat' dir='ltr'><strong>et</strong></span> <span class='ocrx_word' id='word_1_56' title='bbox 359 910 445 968; x_wconf 90' lang='lat' dir='ltr'><strong>electi</strong></span> <span class='ocrx_word' id='word_1_57' title='bbox 457 910 582 986; x_wconf 90' lang='lat' dir='ltr'><strong>judices,</strong></span> <span class='ocrx_word' id='word_1_58' title='bbox 607 911 689 986; x_wconf 87' lang='lat' dir='ltr'><strong>isque</strong></span> <span class='ocrx_word' id='word_1_59' title='bbox 712 912 880 987; x_wconf 68' lang='lat' dir='ltr'><strong>praepositus</strong></span> <span class='ocrx_word' id='word_1_60' title='bbox 902 912 1063 986; x_wconf 79' lang='lat' dir='ltr'><strong>quaestioni,</strong></span> <span class='ocrx_word' id='word_1_61' title='bbox 1088 912 1138 986; x_wconf 89' lang='lat' dir='ltr'><strong>qui</strong></span> <span class='ocrx_word' id='word_1_62' title='bbox 1160 912 1230 969; x_wconf 80' lang='lat' dir='ltr'><strong>haec</strong></span> 
     </span>
     <span class='ocr_line' id='line_1_8' title="bbox 230 987 1230 1067; baseline 0.002 -21"><span class='ocrx_word' id='word_1_63' title='bbox 230 987 308 1066; x_wconf 78' lang='lat' dir='ltr'><strong>justd</strong></span> <span class='ocrx_word' id='word_1_64' title='bbox 335 990 536 1066; x_wconf 79' lang='lat' dir='ltr'><strong>sapienterque</strong></span> <span class='ocrx_word' id='word_1_65' title='bbox 555 991 713 1066; x_wconf 81' lang='lat' dir='ltr'><strong>disceptet3</strong></span> <span class='ocrx_word' id='word_1_66' title='bbox 735 991 877 1065; x_wconf 91' lang='lat' dir='ltr'><strong>reliquum</strong></span> <span class='ocrx_word' id='word_1_67' title='bbox 904 1000 958 1061; x_wconf 90' lang='lat' dir='ltr'><strong>est,</strong></span> <span class='ocrx_word' id='word_1_68' title='bbox 983 990 1106 1067; x_wconf 90' lang='lat' dir='ltr'><strong>judices,</strong></span> <span class='ocrx_word' id='word_1_69' title='bbox 1128 1001 1163 1047; x_wconf 90' lang='lat' dir='ltr'><strong>ut</strong></span> <span class='ocrx_word' id='word_1_70' title='bbox 1182 990 1230 1048; x_wconf 90' lang='lat' dir='ltr'><strong>ni-</strong></span> 
     </span>
     <span class='ocr_line' id='line_1_9' title="bbox 226 1069 1229 1146; baseline 0 -19"><span class='ocrx_word' id='word_1_71' title='bbox 226 1070 267 1127; x_wconf 91' lang='lat' dir='ltr'><strong>hil</strong></span> <span class='ocrx_word' id='word_1_72' title='bbox 285 1069 345 1146; x_wconf 84' lang='lat' dir='ltr'><strong>jam</strong></span> <span class='ocrx_word' id='word_1_73' title='bbox 368 1070 446 1126; x_wconf 86' lang='lat' dir='ltr'><strong>aliud</strong></span> <span class='ocrx_word' id='word_1_74' title='bbox 467 1087 596 1143; x_wconf 75' lang='lat' dir='ltr'><strong>quaerere</strong></span> <span class='ocrx_word' id='word_1_75' title='bbox 617 1069 758 1140; x_wconf 82' lang='lat' dir='ltr'><strong>debeatis,</strong></span> <span class='ocrx_word' id='word_1_76' title='bbox 782 1069 849 1140; x_wconf 91' lang='lat' dir='ltr'><strong>nisi,</strong></span> <span class='ocrx_word' id='word_1_77' title='bbox 873 1080 937 1127; x_wconf 89' lang='lat' dir='ltr'><strong>uter</strong></span> <span class='ocrx_word' id='word_1_78' title='bbox 962 1070 1018 1127; x_wconf 91' lang='lat' dir='ltr'><strong>utri</strong></span> <span class='ocrx_word' id='word_1_79' title='bbox 1041 1069 1164 1127; x_wconf 83' lang='lat' dir='ltr'><strong>insidias</strong></span> <span class='ocrx_word' id='word_1_80' title='bbox 1185 1071 1229 1128; x_wconf 90' lang='lat' dir='ltr'><strong>fe-</strong></span> 
     </span>
     <span class='ocr_line' id='line_1_10' title="bbox 227 1147 1228 1226; baseline -0.001 -19"><span class='ocrx_word' id='word_1_81' title='bbox 227 1150 309 1207; x_wconf 86' lang='lat' dir='ltr'><strong>cerit</strong></span> <span class='ocrx_word' id='word_1_82' title='bbox 362 1148 452 1210; x_wconf 80' lang='lat' dir='ltr'><strong>Quod</strong></span> <span class='ocrx_word' id='word_1_83' title='bbox 479 1147 536 1223; x_wconf 79' lang='lat' dir='ltr'><strong>qud</strong></span> <span class='ocrx_word' id='word_1_84' title='bbox 565 1147 681 1206; x_wconf 78' lang='lat' dir='ltr'><strong>facilius</strong></span> <span class='ocrx_word' id='word_1_85' title='bbox 702 1149 880 1226; x_wconf 83' lang='lat' dir='ltr'><strong>argumentis</strong></span> <span class='ocrx_word' id='word_1_86' title='bbox 907 1149 1070 1225; x_wconf 84' lang='lat' dir='ltr'><strong>perspicere</strong></span> <span class='ocrx_word' id='word_1_87' title='bbox 1096 1150 1228 1225; x_wconf 91' lang='lat' dir='ltr'><strong>possitis,</strong></span> 
     </span>
    </p>

    <p class='ocr_par' dir='ltr' id='par_1_4' title="bbox 180 1227 1229 1366">
     <span class='ocr_line' id='line_1_11' title="bbox 180 1227 1229 1305; baseline 0.004 -24"><span class='ocrx_word' id='word_1_88' title='bbox 180 1227 213 1281; x_wconf 89' lang='lat'><strong>10</strong></span> <span class='ocrx_word' id='word_1_89' title='bbox 228 1248 289 1286; x_wconf 91' lang='lat' dir='ltr'><strong>rem</strong></span> <span class='ocrx_word' id='word_1_90' title='bbox 309 1239 421 1305; x_wconf 91' lang='lat' dir='ltr'><strong>gestam</strong></span> <span class='ocrx_word' id='word_1_91' title='bbox 441 1228 522 1285; x_wconf 87' lang='lat' dir='ltr'><strong>vobis</strong></span> <span class='ocrx_word' id='word_1_92' title='bbox 543 1229 613 1285; x_wconf 90' lang='lat' dir='ltr'><strong>dum</strong></span> <span class='ocrx_word' id='word_1_93' title='bbox 640 1228 764 1286; x_wconf 85' lang='lat' dir='ltr'><strong>breviter</strong></span> <span class='ocrx_word' id='word_1_94' title='bbox 784 1248 904 1305; x_wconf 88' lang='lat' dir='ltr'><strong>expono,</strong></span> <span class='ocrx_word' id='word_1_95' title='bbox 935 1248 1040 1305; x_wconf 77' lang='lat' dir='ltr'><strong>quaeso,</strong></span> <span class='ocrx_word' id='word_1_96' title='bbox 1068 1229 1229 1305; x_wconf 86' lang='lat' dir='ltr'><strong>diligenter</strong></span> 
     </span>
     <span class='ocr_line' id='line_1_12' title="bbox 229 1308 377 1366; baseline -0.007 0"><span class='ocrx_word' id='word_1_97' title='bbox 229 1308 377 1366; x_wconf 87' lang='lat' dir='ltr'><strong>attendite.</strong></span> 
     </span>
    </p>

    <p class='ocr_par' dir='ltr' id='par_1_5' title="bbox 228 1384 1231 1623">
     <span class='ocr_line' id='line_1_13' title="bbox 268 1384 1229 1464; baseline 0.002 -20"><span class='ocrx_word' id='word_1_98' title='bbox 268 1386 301 1445; x_wconf 88' lang='lat' dir='ltr'><strong>P.</strong></span> <span class='ocrx_word' id='word_1_99' title='bbox 316 1385 437 1444; x_wconf 84' lang='lat' dir='ltr'><strong>Clodius</strong></span> <span class='ocrx_word' id='word_1_100' title='bbox 460 1384 529 1444; x_wconf 73' lang='lat' dir='ltr'><strong>ciam</strong></span> <span class='ocrx_word' id='word_1_101' title='bbox 553 1386 700 1445; x_wconf 86' lang='lat' dir='ltr'><strong>statuisset</strong></span> <span class='ocrx_word' id='word_1_102' title='bbox 712 1386 791 1444; x_wconf 90' lang='lat' dir='ltr'><strong>omni</strong></span> <span class='ocrx_word' id='word_1_103' title='bbox 815 1387 925 1445; x_wconf 90' lang='lat' dir='ltr'><strong>scelere</strong></span> <span class='ocrx_word' id='word_1_104' title='bbox 939 1386 970 1445; x_wconf 93' lang='lat' dir='ltr'><strong>in</strong></span> <span class='ocrx_word' id='word_1_105' title='bbox 983 1386 1107 1464; x_wconf 71' lang='lat' dir='ltr'><strong>praetura</strong></span> <span class='ocrx_word' id='word_1_106' title='bbox 1120 1407 1229 1446; x_wconf 83' lang='lat' dir='ltr'><strong>vexare</strong></span> 
     </span>
     <span class='ocr_line' id='line_1_14' title="bbox 228 1465 1231 1544; baseline 0 -20"><span class='ocrx_word' id='word_1_107' title='bbox 228 1465 448 1542; x_wconf 89' lang='lat' dir='ltr'><strong>rempublicam,</strong></span> <span class='ocrx_word' id='word_1_108' title='bbox 472 1467 639 1542; x_wconf 88' lang='lat' dir='ltr'><strong>videretque</strong></span> <span class='ocrx_word' id='word_1_109' title='bbox 662 1467 703 1523; x_wconf 90' lang='lat' dir='ltr'><strong>ita</strong></span> <span class='ocrx_word' id='word_1_110' title='bbox 724 1475 817 1524; x_wconf 87' lang='lat' dir='ltr'><strong>tracta</strong></span> <span class='ocrx_word' id='word_1_111' title='bbox 830 1486 895 1524; x_wconf 88' lang='lat' dir='ltr'><strong>esse</strong></span> <span class='ocrx_word' id='word_1_112' title='bbox 915 1467 1033 1524; x_wconf 88' lang='lat' dir='ltr'><strong>comitia</strong></span> <span class='ocrx_word' id='word_1_113' title='bbox 1047 1485 1123 1525; x_wconf 91' lang='lat' dir='ltr'><strong>anno</strong></span> <span class='ocrx_word' id='word_1_114' title='bbox 1144 1487 1231 1544; x_wconf 89' lang='lat' dir='ltr'><strong>supe-</strong></span> 
     </span>
     <span class='ocr_line' id='line_1_15' title="bbox 229 1546 1230 1623; baseline 0.001 -20"><span class='ocrx_word' id='word_1_115' title='bbox 229 1546 314 1615; x_wconf 87' lang='lat' dir='ltr'><strong>riore,</strong></span> <span class='ocrx_word' id='word_1_116' title='bbox 338 1555 451 1603; x_wconf 92' lang='lat' dir='ltr'><strong>utnon</strong></span> <span class='ocrx_word' id='word_1_117' title='bbox 478 1547 583 1603; x_wconf 93' lang='lat' dir='ltr'><strong>multos</strong></span> <span class='ocrx_word' id='word_1_118' title='bbox 606 1565 721 1603; x_wconf 90' lang='lat' dir='ltr'><strong>menses</strong></span> <span class='ocrx_word' id='word_1_119' title='bbox 740 1556 895 1622; x_wconf 71' lang='lat' dir='ltr'><strong>praeturam</strong></span> <span class='ocrx_word' id='word_1_120' title='bbox 921 1557 1022 1623; x_wconf 84' lang='lat' dir='ltr'><strong>gerere</strong></span> <span class='ocrx_word' id='word_1_121' title='bbox 1041 1557 1155 1622; x_wconf 90' lang='lat' dir='ltr'><strong>posset;</strong></span> <span class='ocrx_word' id='word_1_122' title='bbox 1177 1546 1230 1622; x_wconf 89' lang='lat' dir='ltr'><strong>qui</strong></span> 
     </span>
    </p>

    <p class='ocr_par' dir='ltr' id='par_1_6' title="bbox 180 1620 1301 2021">
     <span class='ocr_line' id='line_1_16' title="bbox 180 1620 1231 1702; baseline -0.001 -19"><span class='ocrx_word' id='word_1_123' title='bbox 180 1620 215 1674; x_wconf 84' lang='lat'><strong>15</strong></span> <span class='ocrx_word' id='word_1_124' title='bbox 230 1645 287 1683; x_wconf 90' lang='lat' dir='ltr'><strong>non</strong></span> <span class='ocrx_word' id='word_1_125' title='bbox 308 1625 423 1682; x_wconf 89' lang='lat' dir='ltr'><strong>honoris</strong></span> <span class='ocrx_word' id='word_1_126' title='bbox 436 1625 558 1702; x_wconf 91' lang='lat' dir='ltr'><strong>gradum</strong></span> <span class='ocrx_word' id='word_1_127' title='bbox 582 1635 736 1701; x_wconf 88' lang='lat' dir='ltr'><strong>spectaret,</strong></span> <span class='ocrx_word' id='word_1_128' title='bbox 750 1635 782 1681; x_wconf 93' lang='lat' dir='ltr'><strong>ut</strong></span> <span class='ocrx_word' id='word_1_129' title='bbox 803 1625 911 1697; x_wconf 85' lang='lat' dir='ltr'><strong>caeteri,</strong></span> <span class='ocrx_word' id='word_1_130' title='bbox 926 1626 978 1683; x_wconf 92' lang='lat' dir='ltr'><strong>sed</strong></span> <span class='ocrx_word' id='word_1_131' title='bbox 1001 1636 1030 1683; x_wconf 88' lang='lat' dir='ltr'><strong>et</strong></span> <span class='ocrx_word' id='word_1_132' title='bbox 1051 1625 1085 1683; x_wconf 93' lang='lat' dir='ltr'><strong>L.</strong></span> <span class='ocrx_word' id='word_1_133' title='bbox 1101 1625 1231 1683; x_wconf 89' lang='lat' dir='ltr'><strong>Paulum</strong></span> 
     </span>
     <span class='ocr_line' id='line_1_17' title="bbox 230 1704 1229 1781; baseline 0 -19"><span class='ocrx_word' id='word_1_134' title='bbox 230 1704 372 1780; x_wconf 88' lang='lat' dir='ltr'><strong>collegam</strong></span> <span class='ocrx_word' id='word_1_135' title='bbox 386 1704 515 1780; x_wconf 85' lang='lat' dir='ltr'><strong>effugere</strong></span> <span class='ocrx_word' id='word_1_136' title='bbox 533 1704 628 1774; x_wconf 86' lang='lat' dir='ltr'><strong>vellet,</strong></span> <span class='ocrx_word' id='word_1_137' title='bbox 651 1704 791 1781; x_wconf 89' lang='lat' dir='ltr'><strong>singulari</strong></span> <span class='ocrx_word' id='word_1_138' title='bbox 806 1705 911 1762; x_wconf 88' lang='lat' dir='ltr'><strong>virtute</strong></span> <span class='ocrx_word' id='word_1_139' title='bbox 935 1705 1038 1776; x_wconf 88' lang='lat' dir='ltr'><strong>civem,</strong></span> <span class='ocrx_word' id='word_1_140' title='bbox 1063 1713 1093 1762; x_wconf 92' lang='lat' dir='ltr'><strong>et</strong></span> <span class='ocrx_word' id='word_1_141' title='bbox 1117 1723 1229 1762; x_wconf 86' lang='lat' dir='ltr'><strong>annum</strong></span> 
     </span>
     <span class='ocr_line' id='line_1_18' title="bbox 231 1782 1229 1860; baseline 0 -19"><span class='ocrx_word' id='word_1_142' title='bbox 231 1785 376 1860; x_wconf 89' lang='lat' dir='ltr'><strong>integrum</strong></span> <span class='ocrx_word' id='word_1_143' title='bbox 404 1783 441 1840; x_wconf 93' lang='lat' dir='ltr'><strong>ad</strong></span> <span class='ocrx_word' id='word_1_144' title='bbox 461 1783 679 1841; x_wconf 88' lang='lat' dir='ltr'><strong>dilacerandam</strong></span> <span class='ocrx_word' id='word_1_145' title='bbox 707 1784 915 1860; x_wconf 87' lang='lat' dir='ltr'><strong>rempublicam</strong></span> <span class='ocrx_word' id='word_1_146' title='bbox 936 1793 1096 1859; x_wconf 82' lang='lat' dir='ltr'><strong>quaereret3</strong></span> <span class='ocrx_word' id='word_1_147' title='bbox 1128 1782 1229 1841; x_wconf 79' lang='lat' dir='ltr'><strong>subitd</strong></span> 
     </span>
     <span class='ocr_line' id='line_1_19' title="bbox 230 1863 1230 1939; baseline 0 -19"><span class='ocrx_word' id='word_1_148' title='bbox 230 1863 347 1937; x_wconf 91' lang='lat' dir='ltr'><strong>reliquit</strong></span> <span class='ocrx_word' id='word_1_149' title='bbox 361 1880 469 1919; x_wconf 90' lang='lat' dir='ltr'><strong>annum</strong></span> <span class='ocrx_word' id='word_1_150' title='bbox 483 1881 578 1933; x_wconf 90' lang='lat' dir='ltr'><strong>suurn,</strong></span> <span class='ocrx_word' id='word_1_151' title='bbox 601 1882 689 1938; x_wconf 89' lang='lat' dir='ltr'><strong>seque</strong></span> <span class='ocrx_word' id='word_1_152' title='bbox 712 1863 743 1920; x_wconf 92' lang='lat' dir='ltr'><strong>in</strong></span> <span class='ocrx_word' id='word_1_153' title='bbox 768 1881 875 1919; x_wconf 88' lang='lat' dir='ltr'><strong>annum</strong></span> <span class='ocrx_word' id='word_1_154' title='bbox 894 1863 1056 1939; x_wconf 89' lang='lat' dir='ltr'><strong>proximum</strong></span> <span class='ocrx_word' id='word_1_155' title='bbox 1069 1863 1230 1933; x_wconf 89' lang='lat' dir='ltr'><strong>transtulit,</strong></span> 
     </span>
     <span class='ocr_line' id='line_1_20' title="bbox 231 1940 1301 2021; baseline -0.002 -22"><span class='ocrx_word' id='word_1_156' title='bbox 231 1961 289 1999; x_wconf 91' lang='lat' dir='ltr'><strong>non</strong></span> <span class='ocrx_word' id='word_1_157' title='bbox 304 1940 351 2018; x_wconf 91' lang='lat' dir='ltr'><strong>(ut</strong></span> <span class='ocrx_word' id='word_1_158' title='bbox 364 1941 409 2021; x_wconf 92' lang='lat' dir='ltr'><strong>fit)</strong></span> <span class='ocrx_word' id='word_1_159' title='bbox 425 1941 564 2018; x_wconf 90' lang='lat' dir='ltr'><strong>religione</strong></span> <span class='ocrx_word' id='word_1_160' title='bbox 586 1942 692 2018; x_wconf 76' lang='lat' dir='ltr'><strong>aliqui,</strong></span> <span class='ocrx_word' id='word_1_161' title='bbox 707 1943 758 2000; x_wconf 90' lang='lat' dir='ltr'><strong>sed</strong></span> <span class='ocrx_word' id='word_1_162' title='bbox 781 1953 814 1998; x_wconf 92' lang='lat' dir='ltr'><strong>ut</strong></span> <span class='ocrx_word' id='word_1_163' title='bbox 832 1942 951 2000; x_wconf 87' lang='lat' dir='ltr'><strong>haberet</strong></span> <span class='ocrx_word' id='word_1_164' title='bbox 963 1941 1052 2019; x_wconf 89' lang='lat' dir='ltr'><strong>(quod</strong></span> <span class='ocrx_word' id='word_1_165' title='bbox 1067 1942 1127 2018; x_wconf 86' lang='lat' dir='ltr'><strong>ipse</strong></span> <span class='ocrx_word' id='word_1_166' title='bbox 1150 1943 1233 2000; x_wconf 89' lang='lat' dir='ltr'><strong>dice·</strong></span> <span class='ocrx_word' id='word_1_167' title='bbox 1300 1988 1301 1997; x_wconf 70' lang='grc'>,</span> 
     </span>
    </p>

    <p class='ocr_par' dir='ltr' id='par_1_7' title="bbox 180 2018 1301 2178">
     <span class='ocr_line' id='line_1_21' title="bbox 180 2018 1301 2098; baseline 0.003 -23"><span class='ocrx_word' id='word_1_168' title='bbox 180 2018 217 2073; x_wconf 71' lang='lat'><strong>20</strong></span> <span class='ocrx_word' id='word_1_169' title='bbox 232 2021 306 2097; x_wconf 86' lang='lat' dir='ltr'><strong>bat),</strong></span> <span class='ocrx_word' id='word_1_170' title='bbox 322 2021 359 2078; x_wconf 86' lang='lat' dir='ltr'><strong>ad</strong></span> <span class='ocrx_word' id='word_1_171' title='bbox 379 2032 533 2097; x_wconf 83' lang='lat' dir='ltr'><strong>praeturarn</strong></span> <span class='ocrx_word' id='word_1_172' title='bbox 556 2022 725 2098; x_wconf 89' lang='lat' dir='ltr'><strong>gerendam,</strong></span> <span class='ocrx_word' id='word_1_173' title='bbox 740 2022 795 2079; x_wconf 95' lang='lat' dir='ltr'><strong>hoc</strong></span> <span class='ocrx_word' id='word_1_174' title='bbox 818 2030 871 2092; x_wconf 92' lang='lat' dir='ltr'><strong>est,</strong></span> <span class='ocrx_word' id='word_1_175' title='bbox 887 2021 924 2078; x_wconf 91' lang='lat' dir='ltr'><strong>ad</strong></span> <span class='ocrx_word' id='word_1_176' title='bbox 945 2022 1130 2080; x_wconf 86' lang='lat' dir='ltr'><strong>evertendam</strong></span> <span class='ocrx_word' id='word_1_177' title='bbox 1155 2040 1232 2079; x_wconf 87' lang='lat' dir='ltr'><strong>rem·</strong></span> <span class='ocrx_word' id='word_1_178' title='bbox 1300 2072 1301 2091; x_wconf 76' lang='lat'><strong>,</strong></span> 
     </span>
     <span class='ocr_line' id='line_1_22' title="bbox 231 2100 1301 2178; baseline 0.003 -22"><span class='ocrx_word' id='word_1_179' title='bbox 231 2100 388 2178; x_wconf 88' lang='lat' dir='ltr'><strong>publicam,</strong></span> <span class='ocrx_word' id='word_1_180' title='bbox 402 2100 520 2176; x_wconf 91' lang='lat' dir='ltr'><strong>plenum</strong></span> <span class='ocrx_word' id='word_1_181' title='bbox 535 2119 642 2158; x_wconf 89' lang='lat' dir='ltr'><strong>annum</strong></span> <span class='ocrx_word' id='word_1_182' title='bbox 658 2112 743 2176; x_wconf 92' lang='lat' dir='ltr'><strong>atque</strong></span> <span class='ocrx_word' id='word_1_183' title='bbox 757 2100 910 2176; x_wconf 82' lang='lat' dir='ltr'><strong>integrum.</strong></span> <span class='ocrx_word' id='word_1_184' title='bbox 1300 2144 1301 2159; x_wconf 48' lang='lat' dir='ltr'><strong>r</strong></span> 
     </span>
    </p>

    <p class='ocr_par' dir='ltr' id='par_1_8' title="bbox 233 2174 1301 2413">
     <span class='ocr_line' id='line_1_23' title="bbox 271 2174 1301 2255; baseline 0.001 -19"><span class='ocrx_word' id='word_1_185' title='bbox 271 2177 456 2237; x_wconf 86' lang='lat' dir='ltr'><strong>Occurrebat</strong></span> <span class='ocrx_word' id='word_1_186' title='bbox 469 2180 508 2249; x_wconf 91' lang='lat' dir='ltr'><strong>ei,</strong></span> <span class='ocrx_word' id='word_1_187' title='bbox 523 2198 657 2238; x_wconf 87' lang='lat' dir='ltr'><strong>mancam</strong></span> <span class='ocrx_word' id='word_1_188' title='bbox 681 2199 717 2237; x_wconf 89' lang='lat' dir='ltr'><strong>ac</strong></span> <span class='ocrx_word' id='word_1_189' title='bbox 738 2179 864 2237; x_wconf 89' lang='lat' dir='ltr'><strong>debilem</strong></span> <span class='ocrx_word' id='word_1_190' title='bbox 884 2189 1039 2255; x_wconf 79' lang='lat' dir='ltr'><strong>praeturam</strong></span> <span class='ocrx_word' id='word_1_191' title='bbox 1053 2197 1135 2236; x_wconf 87' lang='lat' dir='ltr'><strong>suam</strong></span> <span class='ocrx_word' id='word_1_192' title='bbox 1152 2178 1232 2237; x_wconf 88' lang='lat' dir='ltr'><strong>futu·</strong></span> <span class='ocrx_word' id='word_1_193' title='bbox 1300 2174 1301 2181; x_wconf 55' lang='lat'><em>&#39;</em></span> 
     </span>
     <span class='ocr_line' id='line_1_24' title="bbox 233 2256 1232 2337; baseline 0.001 -22"><span class='ocrx_word' id='word_1_194' title='bbox 233 2277 305 2330; x_wconf 90' lang='lat' dir='ltr'><strong>ram,</strong></span> <span class='ocrx_word' id='word_1_195' title='bbox 329 2258 448 2316; x_wconf 88' lang='lat' dir='ltr'><strong>consule</strong></span> <span class='ocrx_word' id='word_1_196' title='bbox 470 2257 598 2316; x_wconf 91' lang='lat' dir='ltr'><strong>Milone:</strong></span> <span class='ocrx_word' id='word_1_197' title='bbox 619 2278 686 2316; x_wconf 88' lang='lat' dir='ltr'><strong>eum</strong></span> <span class='ocrx_word' id='word_1_198' title='bbox 710 2256 793 2334; x_wconf 72' lang='lat' dir='ltr'><strong>porris</strong></span> <span class='ocrx_word' id='word_1_199' title='bbox 821 2277 934 2315; x_wconf 90' lang='lat' dir='ltr'><strong>summo</strong></span> <span class='ocrx_word' id='word_1_200' title='bbox 961 2277 1104 2337; x_wconf 86' lang='lat' dir='ltr'><strong>consensu</strong></span> <span class='ocrx_word' id='word_1_201' title='bbox 1130 2259 1232 2335; x_wconf 90' lang='lat' dir='ltr'><strong>populi</strong></span> 
     </span>
     <span class='ocr_line' id='line_1_25' title="bbox 233 2336 1233 2413; baseline -0.002 -18"><span class='ocrx_word' id='word_1_202' title='bbox 233 2336 362 2396; x_wconf 87' lang='lat' dir='ltr'><strong>Romani</strong></span> <span class='ocrx_word' id='word_1_203' title='bbox 377 2337 525 2396; x_wconf 88' lang='lat' dir='ltr'><strong>consulem</strong></span> <span class='ocrx_word' id='word_1_204' title='bbox 547 2337 609 2395; x_wconf 87' lang='lat' dir='ltr'><strong>fieri</strong></span> <span class='ocrx_word' id='word_1_205' title='bbox 629 2338 752 2396; x_wconf 87' lang='lat' dir='ltr'><strong>videbat.</strong></span> <span class='ocrx_word' id='word_1_206' title='bbox 793 2337 924 2395; x_wconf 90' lang='lat' dir='ltr'><strong>Contulit</strong></span> <span class='ocrx_word' id='word_1_207' title='bbox 938 2356 969 2394; x_wconf 89' lang='lat' dir='ltr'><strong>se</strong></span> <span class='ocrx_word' id='word_1_208' title='bbox 985 2338 1021 2394; x_wconf 89' lang='lat' dir='ltr'><strong>ad</strong></span> <span class='ocrx_word' id='word_1_209' title='bbox 1039 2337 1101 2413; x_wconf 87' lang='lat' dir='ltr'><strong>ejus</strong></span> <span class='ocrx_word' id='word_1_210' title='bbox 1115 2357 1233 2413; x_wconf 89' lang='lat' dir='ltr'><strong>compe-</strong></span> 
     </span>
    </p>

    <p class='ocr_par' dir='ltr' id='par_1_9' title="bbox 181 2415 1233 2809">
     <span class='ocr_line' id='line_1_26' title="bbox 181 2415 1233 2494; baseline 0.002 -22"><span class='ocrx_word' id='word_1_211' title='bbox 181 2417 219 2472; x_wconf 75' lang='lat'><strong>25</strong></span> <span class='ocrx_word' id='word_1_212' title='bbox 234 2417 341 2489; x_wconf 88' lang='lat' dir='ltr'><strong>titores,</strong></span> <span class='ocrx_word' id='word_1_213' title='bbox 356 2418 407 2475; x_wconf 89' lang='lat' dir='ltr'><strong>sed</strong></span> <span class='ocrx_word' id='word_1_214' title='bbox 421 2418 472 2489; x_wconf 90' lang='lat' dir='ltr'><strong>ita,</strong></span> <span class='ocrx_word' id='word_1_215' title='bbox 486 2426 576 2475; x_wconf 90' lang='lat' dir='ltr'><strong>totam</strong></span> <span class='ocrx_word' id='word_1_216' title='bbox 597 2427 629 2475; x_wconf 92' lang='lat' dir='ltr'><strong>ut</strong></span> <span class='ocrx_word' id='word_1_217' title='bbox 650 2416 817 2494; x_wconf 89' lang='lat' dir='ltr'><strong>petitionem</strong></span> <span class='ocrx_word' id='word_1_218' title='bbox 839 2416 900 2493; x_wconf 88' lang='lat' dir='ltr'><strong>ipse</strong></span> <span class='ocrx_word' id='word_1_219' title='bbox 921 2416 1008 2487; x_wconf 88' lang='lat' dir='ltr'><strong>solus,</strong></span> <span class='ocrx_word' id='word_1_220' title='bbox 1022 2417 1110 2473; x_wconf 89' lang='lat' dir='ltr'><strong>etiam</strong></span> <span class='ocrx_word' id='word_1_221' title='bbox 1131 2415 1233 2474; x_wconf 86' lang='lat' dir='ltr'><strong>invitis</strong></span> 
     </span>
     <span class='ocr_line' id='line_1_27' title="bbox 234 2494 1233 2573; baseline -0.002 -18"><span class='ocrx_word' id='word_1_222' title='bbox 234 2497 307 2568; x_wconf 74' lang='lat' dir='ltr'><strong>illis,</strong></span> <span class='ocrx_word' id='word_1_223' title='bbox 316 2498 509 2573; x_wconf 83' lang='lat' dir='ltr'><strong>gubernaret3</strong></span> <span class='ocrx_word' id='word_1_224' title='bbox 531 2506 592 2555; x_wconf 91' lang='lat' dir='ltr'><strong>tota</strong></span> <span class='ocrx_word' id='word_1_225' title='bbox 606 2508 638 2554; x_wconf 92' lang='lat' dir='ltr'><strong>ut</strong></span> <span class='ocrx_word' id='word_1_226' title='bbox 652 2496 770 2554; x_wconf 89' lang='lat' dir='ltr'><strong>comitia</strong></span> <span class='ocrx_word' id='word_1_227' title='bbox 783 2496 843 2553; x_wconf 88' lang='lat' dir='ltr'><strong>suis</strong></span> <span class='ocrx_word' id='word_1_228' title='bbox 858 2494 904 2572; x_wconf 91' lang='lat' dir='ltr'><strong>(ut</strong></span> <span class='ocrx_word' id='word_1_229' title='bbox 918 2495 1083 2572; x_wconf 87' lang='lat' dir='ltr'><strong>dictitabat)</strong></span> <span class='ocrx_word' id='word_1_230' title='bbox 1099 2495 1233 2553; x_wconf 87' lang='lat' dir='ltr'><strong>humeris</strong></span> 
     </span>
     <span class='ocr_line' id='line_1_28' title="bbox 234 2573 1233 2651; baseline -0.001 -18"><span class='ocrx_word' id='word_1_231' title='bbox 234 2577 397 2634; x_wconf 77' lang='lat' dir='ltr'><strong>sustineret</strong></span> <span class='ocrx_word' id='word_1_232' title='bbox 449 2576 637 2634; x_wconf 87' lang='lat' dir='ltr'><strong>Convocabat</strong></span> <span class='ocrx_word' id='word_1_233' title='bbox 659 2575 768 2632; x_wconf 88' lang='lat' dir='ltr'><strong>tribus:</strong></span> <span class='ocrx_word' id='word_1_234' title='bbox 789 2595 820 2632; x_wconf 88' lang='lat' dir='ltr'><strong>se</strong></span> <span class='ocrx_word' id='word_1_235' title='bbox 844 2575 1061 2651; x_wconf 88' lang='lat' dir='ltr'><strong>interponebat:</strong></span> <span class='ocrx_word' id='word_1_236' title='bbox 1083 2573 1233 2632; x_wconf 87' lang='lat' dir='ltr'><strong>Collinam</strong></span> 
     </span>
     <span class='ocr_line' id='line_1_29' title="bbox 234 2652 1233 2730; baseline -0.002 -18"><span class='ocrx_word' id='word_1_237' title='bbox 234 2674 348 2725; x_wconf 87' lang='lat' dir='ltr'><strong>novam,</strong></span> <span class='ocrx_word' id='word_1_238' title='bbox 362 2654 478 2712; x_wconf 90' lang='lat' dir='ltr'><strong>delectu</strong></span> <span class='ocrx_word' id='word_1_239' title='bbox 488 2654 745 2730; x_wconf 86' lang='lat' dir='ltr'><strong>perditissimorum</strong></span> <span class='ocrx_word' id='word_1_240' title='bbox 757 2653 863 2711; x_wconf 88' lang='lat' dir='ltr'><strong>civium</strong></span> <span class='ocrx_word' id='word_1_241' title='bbox 875 2653 1085 2711; x_wconf 84' lang='lat' dir='ltr'><strong>conscribebat.</strong></span> <span class='ocrx_word' id='word_1_242' title='bbox 1125 2652 1233 2715; x_wconf 79' lang='lat' dir='ltr'><strong>Quan-</strong></span> 
     </span>
     <span class='ocr_line' id='line_1_30' title="bbox 234 2731 1231 2809; baseline 0.001 -19"><span class='ocrx_word' id='word_1_243' title='bbox 234 2744 265 2791; x_wconf 89' lang='lat' dir='ltr'><strong>to</strong></span> <span class='ocrx_word' id='word_1_244' title='bbox 279 2734 327 2791; x_wconf 90' lang='lat' dir='ltr'><strong>ille</strong></span> <span class='ocrx_word' id='word_1_245' title='bbox 339 2733 423 2809; x_wconf 90' lang='lat' dir='ltr'><strong>plura</strong></span> <span class='ocrx_word' id='word_1_246' title='bbox 436 2733 587 2803; x_wconf 87' lang='lat' dir='ltr'><strong>miscebat,</strong></span> <span class='ocrx_word' id='word_1_247' title='bbox 601 2744 682 2791; x_wconf 84' lang='lat' dir='ltr'><strong>tanto</strong></span> <span class='ocrx_word' id='word_1_248' title='bbox 695 2732 744 2791; x_wconf 94' lang='lat' dir='ltr'><strong>hic</strong></span> <span class='ocrx_word' id='word_1_249' title='bbox 758 2732 851 2809; x_wconf 89' lang='lat' dir='ltr'><strong>magis</strong></span> <span class='ocrx_word' id='word_1_250' title='bbox 865 2733 895 2790; x_wconf 93' lang='lat' dir='ltr'><strong>in</strong></span> <span class='ocrx_word' id='word_1_251' title='bbox 918 2734 981 2790; x_wconf 86' lang='lat' dir='ltr'><strong>dies</strong></span> <span class='ocrx_word' id='word_1_252' title='bbox 999 2731 1231 2791; x_wconf 83' lang='lat' dir='ltr'><strong>convalescebat</strong></span> 
     </span>
    </p>

    <p class='ocr_par' dir='ltr' id='par_1_10' title="bbox 183 2810 1232 3205">
     <span class='ocr_line' id='line_1_31' title="bbox 183 2810 1232 2887; baseline 0.003 -21"><span class='ocrx_word' id='word_1_253' title='bbox 183 2810 220 2866; x_wconf 76' lang='lat'><strong>30</strong></span> <span class='ocrx_word' id='word_1_254' title='bbox 236 2812 293 2870; x_wconf 91' lang='lat' dir='ltr'><strong>Ubi</strong></span> <span class='ocrx_word' id='word_1_255' title='bbox 314 2812 386 2869; x_wconf 87' lang='lat' dir='ltr'><strong>vidit</strong></span> <span class='ocrx_word' id='word_1_256' title='bbox 406 2813 492 2870; x_wconf 90' lang='lat' dir='ltr'><strong>homo</strong></span> <span class='ocrx_word' id='word_1_257' title='bbox 505 2813 542 2869; x_wconf 93' lang='lat' dir='ltr'><strong>ad</strong></span> <span class='ocrx_word' id='word_1_258' title='bbox 565 2831 651 2869; x_wconf 89' lang='lat' dir='ltr'><strong>omne</strong></span> <span class='ocrx_word' id='word_1_259' title='bbox 675 2812 789 2870; x_wconf 84' lang='lat' dir='ltr'><strong>facinus</strong></span> <span class='ocrx_word' id='word_1_260' title='bbox 811 2811 1019 2887; x_wconf 86' lang='lat' dir='ltr'><strong>paratissimus,</strong></span> <span class='ocrx_word' id='word_1_261' title='bbox 1042 2811 1232 2869; x_wconf 86' lang='lat' dir='ltr'><strong>fortissimum</strong></span> 
     </span>
     <span class='ocr_line' id='line_1_32' title="bbox 236 2889 1232 2965; baseline 0 -17"><span class='ocrx_word' id='word_1_262' title='bbox 236 2892 339 2961; x_wconf 87' lang='lat' dir='ltr'><strong>virum,</strong></span> <span class='ocrx_word' id='word_1_263' title='bbox 367 2890 600 2948; x_wconf 90' lang='lat' dir='ltr'><strong>inimicissimum</strong></span> <span class='ocrx_word' id='word_1_264' title='bbox 624 2910 718 2962; x_wconf 89' lang='lat' dir='ltr'><strong>suurn,</strong></span> <span class='ocrx_word' id='word_1_265' title='bbox 740 2890 933 2948; x_wconf 91' lang='lat' dir='ltr'><strong>certissimum</strong></span> <span class='ocrx_word' id='word_1_266' title='bbox 962 2892 1121 2961; x_wconf 89' lang='lat' dir='ltr'><strong>consulem,</strong></span> <span class='ocrx_word' id='word_1_267' title='bbox 1143 2889 1232 2965; x_wconf 90' lang='lat' dir='ltr'><strong>idque</strong></span> 
     </span>
     <span class='ocr_line' id='line_1_33' title="bbox 236 2967 1231 3046; baseline -0.001 -18"><span class='ocrx_word' id='word_1_268' title='bbox 236 2969 376 3028; x_wconf 83' lang='lat' dir='ltr'><strong>intellexit</strong></span> <span class='ocrx_word' id='word_1_269' title='bbox 390 2989 447 3027; x_wconf 90' lang='lat' dir='ltr'><strong>non</strong></span> <span class='ocrx_word' id='word_1_270' title='bbox 461 2967 554 3027; x_wconf 78' lang='lat' dir='ltr'><strong>solum</strong></span> <span class='ocrx_word' id='word_1_271' title='bbox 568 2970 757 3041; x_wconf 67' lang='lat' dir='ltr'><strong>sermonibus</strong></span> <span class='ocrx_word' id='word_1_272' title='bbox 773 2971 824 3027; x_wconf 90' lang='lat' dir='ltr'><strong>sed</strong></span> <span class='ocrx_word' id='word_1_273' title='bbox 847 2970 935 3027; x_wconf 89' lang='lat' dir='ltr'><strong>etiam</strong></span> <span class='ocrx_word' id='word_1_274' title='bbox 957 2970 1112 3046; x_wconf 84' lang='lat' dir='ltr'><strong>suffragiis,</strong></span> <span class='ocrx_word' id='word_1_275' title='bbox 1134 2970 1231 3046; x_wconf 90' lang='lat' dir='ltr'><strong>populi</strong></span> 
     </span>
     <span class='ocr_line' id='line_1_34' title="bbox 236 3046 1231 3126; baseline -0.002 -19"><span class='ocrx_word' id='word_1_276' title='bbox 236 3048 364 3107; x_wconf 87' lang='lat' dir='ltr'><strong>Romani</strong></span> <span class='ocrx_word' id='word_1_277' title='bbox 376 3068 451 3124; x_wconf 81' lang='lat' dir='ltr'><strong>saepe</strong></span> <span class='ocrx_word' id='word_1_278' title='bbox 465 3069 528 3106; x_wconf 91' lang='lat' dir='ltr'><strong>esse</strong></span> <span class='ocrx_word' id='word_1_279' title='bbox 542 3050 739 3120; x_wconf 84' lang='lat' dir='ltr'><strong>declaraturn3</strong></span> <span class='ocrx_word' id='word_1_280' title='bbox 760 3047 856 3125; x_wconf 70' lang='lat' dir='ltr'><strong>palam</strong></span> <span class='ocrx_word' id='word_1_281' title='bbox 875 3068 962 3126; x_wconf 90' lang='lat' dir='ltr'><strong>agere</strong></span> <span class='ocrx_word' id='word_1_282' title='bbox 976 3049 1073 3126; x_wconf 86' lang='lat' dir='ltr'><strong>ooepit,</strong></span> <span class='ocrx_word' id='word_1_283' title='bbox 1088 3059 1117 3106; x_wconf 91' lang='lat' dir='ltr'><strong>et</strong></span> <span class='ocrx_word' id='word_1_284' title='bbox 1132 3046 1231 3124; x_wconf 74' lang='lat' dir='ltr'><strong>aperte</strong></span> 
     </span>
     <span class='ocr_line' id='line_1_35' title="bbox 237 3128 1231 3205; baseline -0.001 -19"><span class='ocrx_word' id='word_1_285' title='bbox 237 3129 345 3199; x_wconf 88' lang='lat' dir='ltr'><strong>dicere,</strong></span> <span class='ocrx_word' id='word_1_286' title='bbox 359 3129 553 3186; x_wconf 87' lang='lat' dir='ltr'><strong>occidendum</strong></span> <span class='ocrx_word' id='word_1_287' title='bbox 567 3128 716 3187; x_wconf 92' lang='lat' dir='ltr'><strong>Milonem.</strong></span> <span class='ocrx_word' id='word_1_288' title='bbox 760 3131 863 3186; x_wconf 89' lang='lat' dir='ltr'><strong>Servos</strong></span> <span class='ocrx_word' id='word_1_289' title='bbox 886 3138 1013 3205; x_wconf 87' lang='lat' dir='ltr'><strong>agrestes</strong></span> <span class='ocrx_word' id='word_1_290' title='bbox 1033 3137 1063 3185; x_wconf 94' lang='lat' dir='ltr'><strong>et</strong></span> <span class='ocrx_word' id='word_1_291' title='bbox 1083 3128 1231 3199; x_wconf 87' lang='lat' dir='ltr'><strong>barbaros,</strong></span> 
     </span>
    </p>

    <p class='ocr_par' dir='ltr' id='par_1_11' title="bbox 185 3203 1233 3594">
     <span class='ocr_line' id='line_1_36' title="bbox 185 3203 1233 3285; baseline -0.001 -21"><span class='ocrx_word' id='word_1_292' title='bbox 185 3203 222 3258; x_wconf 87' lang='grc'><strong>35</strong></span> <span class='ocrx_word' id='word_1_293' title='bbox 237 3208 342 3283; x_wconf 90' lang='lat' dir='ltr'><strong>quibus</strong></span> <span class='ocrx_word' id='word_1_294' title='bbox 363 3208 449 3266; x_wconf 90' lang='lat' dir='ltr'><strong>silvas</strong></span> <span class='ocrx_word' id='word_1_295' title='bbox 469 3209 602 3285; x_wconf 90' lang='lat' dir='ltr'><strong>publicas</strong></span> <span class='ocrx_word' id='word_1_296' title='bbox 624 3207 811 3285; x_wconf 88' lang='lat' dir='ltr'><strong>depopulatus</strong></span> <span class='ocrx_word' id='word_1_297' title='bbox 831 3217 903 3278; x_wconf 89' lang='lat' dir='ltr'><strong>erat,</strong></span> <span class='ocrx_word' id='word_1_298' title='bbox 920 3207 1126 3282; x_wconf 88' lang='lat' dir='ltr'><strong>Etruriamque</strong></span> <span class='ocrx_word' id='word_1_299' title='bbox 1146 3206 1233 3264; x_wconf 75' lang='lat' dir='ltr'><strong>rexti-</strong></span> 
     </span>
     <span class='ocr_line' id='line_1_37' title="bbox 236 3285 1233 3364; baseline -0.005 -17"><span class='ocrx_word' id='word_1_300' title='bbox 236 3299 290 3359; x_wconf 88' lang='lat' dir='ltr'><strong>rat,</strong></span> <span class='ocrx_word' id='word_1_301' title='bbox 305 3307 341 3345; x_wconf 87' lang='lat' dir='ltr'><strong>ex</strong></span> <span class='ocrx_word' id='word_1_302' title='bbox 355 3287 511 3364; x_wconf 83' lang='lat' dir='ltr'><strong>Apennino</strong></span> <span class='ocrx_word' id='word_1_303' title='bbox 529 3288 696 3357; x_wconf 82' lang='lat' dir='ltr'><strong>deduxerat,</strong></span> <span class='ocrx_word' id='word_1_304' title='bbox 711 3305 782 3360; x_wconf 92' lang='lat' dir='ltr'><strong>quos</strong></span> <span class='ocrx_word' id='word_1_305' title='bbox 803 3286 953 3344; x_wconf 84' lang='lat' dir='ltr'><strong>videbatis.</strong></span> <span class='ocrx_word' id='word_1_306' title='bbox 995 3286 1058 3344; x_wconf 86' lang='lat' dir='ltr'><strong>Res</strong></span> <span class='ocrx_word' id='word_1_307' title='bbox 1072 3296 1135 3343; x_wconf 89' lang='lat' dir='ltr'><strong>erat</strong></span> <span class='ocrx_word' id='word_1_308' title='bbox 1148 3285 1233 3343; x_wconf 90' lang='lat' dir='ltr'><strong>mini-</strong></span> 
     </span>
     <span class='ocr_line' id='line_1_38' title="bbox 236 3364 1232 3442; baseline -0.006 -16"><span class='ocrx_word' id='word_1_309' title='bbox 236 3366 285 3426; x_wconf 74' lang='lat' dir='ltr'><strong>me</strong></span> <span class='ocrx_word' id='word_1_310' title='bbox 308 3369 451 3426; x_wconf 88' lang='lat' dir='ltr'><strong>obscura:</strong></span> <span class='ocrx_word' id='word_1_311' title='bbox 482 3367 589 3425; x_wconf 87' lang='lat' dir='ltr'><strong>etenim</strong></span> <span class='ocrx_word' id='word_1_312' title='bbox 611 3364 707 3442; x_wconf 72' lang='lat' dir='ltr'><strong>palam</strong></span> <span class='ocrx_word' id='word_1_313' title='bbox 731 3365 892 3435; x_wconf 88' lang='lat' dir='ltr'><strong>dictitabat,</strong></span> <span class='ocrx_word' id='word_1_314' title='bbox 924 3366 1105 3423; x_wconf 91' lang='lat' dir='ltr'><strong>consulatum</strong></span> <span class='ocrx_word' id='word_1_315' title='bbox 1127 3364 1232 3423; x_wconf 93' lang='lat' dir='ltr'><strong>Miloni</strong></span> 
     </span>
     <span class='ocr_line' id='line_1_39' title="bbox 237 3443 1233 3524; baseline -0.004 -19"><span class='ocrx_word' id='word_1_316' title='bbox 237 3446 309 3524; x_wconf 92' lang='lat' dir='ltr'><strong>eripi</strong></span> <span class='ocrx_word' id='word_1_317' title='bbox 335 3443 399 3505; x_wconf 78' lang='lat' dir='ltr'><strong>non&#39;</strong></span> <span class='ocrx_word' id='word_1_318' title='bbox 420 3466 512 3522; x_wconf 90' lang='lat' dir='ltr'><strong>posse,</strong></span> <span class='ocrx_word' id='word_1_319' title='bbox 540 3445 629 3502; x_wconf 85' lang='lat' dir='ltr'><strong>vitam</strong></span> <span class='ocrx_word' id='word_1_320' title='bbox 658 3464 748 3521; x_wconf 88' lang='lat' dir='ltr'><strong>posse.</strong></span> <span class='ocrx_word' id='word_1_321' title='bbox 804 3444 988 3521; x_wconf 84' lang='lat' dir='ltr'><strong>Significavit</strong></span> <span class='ocrx_word' id='word_1_322' title='bbox 1014 3445 1069 3503; x_wconf 88' lang='lat' dir='ltr'><strong>hoc</strong></span> <span class='ocrx_word' id='word_1_323' title='bbox 1096 3464 1171 3520; x_wconf 85' lang='lat' dir='ltr'><strong>saepe</strong></span> <span class='ocrx_word' id='word_1_324' title='bbox 1201 3443 1233 3501; x_wconf 90' lang='lat' dir='ltr'><strong>in</strong></span> 
     </span>
     <span class='ocr_line' id='line_1_40' title="bbox 237 3522 1233 3594; baseline -0.004 -10"><span class='ocrx_word' id='word_1_325' title='bbox 237 3536 356 3584; x_wconf 87' lang='lat' dir='ltr'><strong>senatu:</strong></span> <span class='ocrx_word' id='word_1_326' title='bbox 378 3525 451 3583; x_wconf 86' lang='lat' dir='ltr'><strong>dixit</strong></span> <span class='ocrx_word' id='word_1_327' title='bbox 477 3526 507 3583; x_wconf 94' lang='lat' dir='ltr'><strong>in</strong></span> <span class='ocrx_word' id='word_1_328' title='bbox 530 3524 679 3583; x_wconf 89' lang='lat' dir='ltr'><strong>concione.</strong></span> <span class='ocrx_word' id='word_1_329' title='bbox 719 3522 894 3585; x_wconf 84' lang='lat' dir='ltr'><strong>Quinetiam</strong></span> <span class='ocrx_word' id='word_1_330' title='bbox 916 3523 1055 3594; x_wconf 86' lang='lat' dir='ltr'><strong>Favonio,</strong></span> <span class='ocrx_word' id='word_1_331' title='bbox 1077 3523 1233 3582; x_wconf 83' lang='lat' dir='ltr'><strong>fortissimo</strong></span> 
     </span>
    </p>

    <p class='ocr_par' dir='ltr' id='par_1_12' title="bbox 185 3601 1233 3837">
     <span class='ocr_line' id='line_1_41' title="bbox 185 3601 1233 3678; baseline -0.006 -14"><span class='ocrx_word' id='word_1_332' title='bbox 185 3608 222 3664; x_wconf 84' lang='lat'><strong>40</strong></span> <span class='ocrx_word' id='word_1_333' title='bbox 237 3605 307 3675; x_wconf 88' lang='lat' dir='ltr'><strong>viro,</strong></span> <span class='ocrx_word' id='word_1_334' title='bbox 322 3605 461 3678; x_wconf 83' lang='lat' dir='ltr'><strong>quaerenti</strong></span> <span class='ocrx_word' id='word_1_335' title='bbox 486 3625 522 3663; x_wconf 83' lang='lat' dir='ltr'><strong>ex</strong></span> <span class='ocrx_word' id='word_1_336' title='bbox 542 3624 586 3674; x_wconf 95' lang='lat' dir='ltr'><strong>eo,</strong></span> <span class='ocrx_word' id='word_1_337' title='bbox 607 3602 664 3678; x_wconf 77' lang='lat' dir='ltr'><strong>qud</strong></span> <span class='ocrx_word' id='word_1_338' title='bbox 686 3621 735 3678; x_wconf 85' lang='lat' dir='ltr'><strong>spe</strong></span> <span class='ocrx_word' id='word_1_339' title='bbox 758 3602 875 3673; x_wconf 82' lang='lat' dir='ltr'><strong>fureret,</strong></span> <span class='ocrx_word' id='word_1_340' title='bbox 898 3601 1009 3660; x_wconf 87' lang='lat' dir='ltr'><strong>Milone</strong></span> <span class='ocrx_word' id='word_1_341' title='bbox 1029 3603 1103 3673; x_wconf 88' lang='lat' dir='ltr'><strong>vivo,</strong></span> <span class='ocrx_word' id='word_1_342' title='bbox 1117 3621 1233 3677; x_wconf 90' lang='lat' dir='ltr'><strong>respon-</strong></span> 
     </span>
     <span class='ocr_line' id='line_1_42' title="bbox 237 3682 1233 3758; baseline -0.003 -19"><span class='ocrx_word' id='word_1_343' title='bbox 237 3683 290 3753; x_wconf 92' lang='lat' dir='ltr'><strong>dit,</strong></span> <span class='ocrx_word' id='word_1_344' title='bbox 304 3683 400 3740; x_wconf 90' lang='lat' dir='ltr'><strong>triduo</strong></span> <span class='ocrx_word' id='word_1_345' title='bbox 422 3684 514 3754; x_wconf 90' lang='lat' dir='ltr'><strong>illum,</strong></span> <span class='ocrx_word' id='word_1_346' title='bbox 537 3684 573 3740; x_wconf 90' lang='lat' dir='ltr'><strong>ad</strong></span> <span class='ocrx_word' id='word_1_347' title='bbox 596 3700 740 3739; x_wconf 87' lang='lat' dir='ltr'><strong>summurn</strong></span> <span class='ocrx_word' id='word_1_348' title='bbox 761 3682 924 3757; x_wconf 88' lang='lat' dir='ltr'><strong>quatriduo,</strong></span> <span class='ocrx_word' id='word_1_349' title='bbox 948 3682 1124 3758; x_wconf 89' lang='lat' dir='ltr'><strong>periturum:</strong></span> <span class='ocrx_word' id='word_1_350' title='bbox 1145 3699 1233 3755; x_wconf 90' lang='lat' dir='ltr'><strong>quam</strong></span> 
     </span>
     <span class='ocr_line' id='line_1_43' title="bbox 236 3759 1165 3837; baseline -0.002 -19"><span class='ocrx_word' id='word_1_351' title='bbox 236 3780 336 3819; x_wconf 87' lang='lat' dir='ltr'><strong>vocem</strong></span> <span class='ocrx_word' id='word_1_352' title='bbox 351 3761 413 3837; x_wconf 86' lang='lat' dir='ltr'><strong>ejus</strong></span> <span class='ocrx_word' id='word_1_353' title='bbox 428 3763 555 3819; x_wconf 89' lang='lat' dir='ltr'><strong>adhunc</strong></span> <span class='ocrx_word' id='word_1_354' title='bbox 570 3761 611 3818; x_wconf 93' lang='lat' dir='ltr'><strong>M.</strong></span> <span class='ocrx_word' id='word_1_355' title='bbox 627 3761 770 3818; x_wconf 81' lang='lat' dir='ltr'><strong>Catonem</strong></span> <span class='ocrx_word' id='word_1_356' title='bbox 784 3761 880 3818; x_wconf 91' lang='lat' dir='ltr'><strong>statim</strong></span> <span class='ocrx_word' id='word_1_357' title='bbox 895 3761 1040 3818; x_wconf 85' lang='lat' dir='ltr'><strong>Favonius</strong></span> <span class='ocrx_word' id='word_1_358' title='bbox 1054 3759 1165 3816; x_wconf 88' lang='lat' dir='ltr'><strong>detulit.</strong></span> 
     </span>
    </p>

    <p class='ocr_par' dir='ltr' id='par_1_13' title="bbox 237 3838 1234 3997">
     <span class='ocr_line' id='line_1_44' title="bbox 276 3838 1234 3916; baseline -0.003 -18"><span class='ocrx_word' id='word_1_359' title='bbox 276 3840 316 3898; x_wconf 92' lang='lat' dir='ltr'><strong>X.</strong></span> <span class='ocrx_word' id='word_1_360' title='bbox 351 3840 483 3910; x_wconf 90' lang='lat' dir='ltr'><strong>Interim,</strong></span> <span class='ocrx_word' id='word_1_361' title='bbox 498 3838 567 3898; x_wconf 86' lang='lat' dir='ltr'><strong>cinn</strong></span> <span class='ocrx_word' id='word_1_362' title='bbox 581 3841 669 3899; x_wconf 90' lang='lat' dir='ltr'><strong>sciret</strong></span> <span class='ocrx_word' id='word_1_363' title='bbox 682 3840 803 3898; x_wconf 85' lang='lat' dir='ltr'><strong>Clodius</strong></span> <span class='ocrx_word' id='word_1_364' title='bbox 818 3838 925 3916; x_wconf 86' lang='lat' dir='ltr'><strong>(neque</strong></span> <span class='ocrx_word' id='word_1_365' title='bbox 940 3841 1018 3897; x_wconf 91' lang='lat' dir='ltr'><strong>enim</strong></span> <span class='ocrx_word' id='word_1_366' title='bbox 1032 3849 1095 3897; x_wconf 90' lang='lat' dir='ltr'><strong>erat</strong></span> <span class='ocrx_word' id='word_1_367' title='bbox 1114 3838 1234 3896; x_wconf 88' lang='lat' dir='ltr'><strong>difficile</strong></span> 
     </span>
     <span class='ocr_line' id='line_1_45' title="bbox 237 3912 1232 3997; baseline -0.002 -20"><span class='ocrx_word' id='word_1_368' title='bbox 237 3919 339 3997; x_wconf 87' lang='lat' dir='ltr'><strong>scire),</strong></span> <span class='ocrx_word' id='word_1_369' title='bbox 355 3919 409 3976; x_wconf 89' lang='lat' dir='ltr'><strong>iter</strong></span> <span class='ocrx_word' id='word_1_370' title='bbox 423 3920 561 3988; x_wconf 89' lang='lat' dir='ltr'><strong>sollenne,</strong></span> <span class='ocrx_word' id='word_1_371' title='bbox 571 3919 744 3994; x_wconf 88' lang='lat' dir='ltr'><strong>legitimum,</strong></span> <span class='ocrx_word' id='word_1_372' title='bbox 754 3912 962 3989; x_wconf 76' lang='lat' dir='ltr'><strong>necessarium,</strong></span> <span class='ocrx_word' id='word_1_373' title='bbox 973 3929 1039 3977; x_wconf 90' lang='lat' dir='ltr'><strong>ante</strong></span> <span class='ocrx_word' id='word_1_374' title='bbox 1048 3919 1126 3976; x_wconf 91' lang='lat' dir='ltr'><strong>diem</strong></span> <span class='ocrx_word' id='word_1_375' title='bbox 1140 3916 1232 3975; x_wconf 85' lang='lat' dir='ltr'><strong>XIII.</strong></span> 
     </span>
    </p>

    <p class='ocr_par' dir='ltr' id='par_1_14' title="bbox 187 3992 1233 4066">
     <span class='ocr_line' id='line_1_46' title="bbox 187 3992 1233 4066; baseline -0.001 -10"><span class='ocrx_word' id='word_1_376' title='bbox 187 4003 223 4063; x_wconf 81' lang='lat'><strong>45</strong></span> <span class='ocrx_word' id='word_1_377' title='bbox 237 3997 385 4056; x_wconf 87' lang='lat' dir='ltr'><strong>Calendas</strong></span> <span class='ocrx_word' id='word_1_378' title='bbox 406 3995 591 4066; x_wconf 85' lang='lat' dir='ltr'><strong>Februarias,</strong></span> <span class='ocrx_word' id='word_1_379' title='bbox 613 3992 718 4053; x_wconf 90' lang='lat' dir='ltr'><strong>Miloni</strong></span> <span class='ocrx_word' id='word_1_380' title='bbox 745 4016 808 4053; x_wconf 88' lang='lat' dir='ltr'><strong>esse</strong></span> <span class='ocrx_word' id='word_1_381' title='bbox 835 3996 1000 4055; x_wconf 89' lang='lat' dir='ltr'><strong>Lanuvium</strong></span> <span class='ocrx_word' id='word_1_382' title='bbox 1022 3998 1058 4056; x_wconf 83' lang='lat' dir='ltr'><strong>ad</strong></span> <span class='ocrx_word' id='word_1_383' title='bbox 1085 3996 1233 4055; x_wconf 88' lang='lat' dir='ltr'><strong>flaminem</strong></span> 
     </span>
    </p>
   </div>
   <div class='ocr_carea' id='block_1_3' title="bbox 0 0 1339 4468">
    <p class='ocr_par' dir='ltr' id='par_1_15' title="bbox 0 0 1339 4468">
     <span class='ocr_line' id='line_1_47' title="bbox 0 0 1339 4468; baseline 0 0"><span class='ocrx_word' id='word_1_384' title='bbox 0 0 1339 4468; x_wconf 95' lang='lat' dir='ltr'><strong> </strong></span> 
     </span>
    </p>
   </div>
  </div>
 </body>
</html>
