2702 4464
366 381 504 432 ORATIO
525 381 595 431 PRO
616 379 714 429 Luca:
736 379 902 430 Manlum.
1140 377 1180 437 61

145 527 250 606 quibus
269 524 482 584 conditionibus
506 524 736 601 proficiscantur,
756 523 890 600 ignorant
916 523 1052 581 videlicet
1075 521 1133 592 isti,

146 609 197 685 qui
218 606 254 663 ad
274 623 363 662 unum
384 605 540 661 deferenda
559 623 623 661 esse
642 603 740 660 omnia
759 622 817 660 non
838 603 1031 659 arbitranturl
1051 599 1134 676 quasi

147 684 216 743 verb
236 684 291 741 Cn.
312 683 480 758 Pompeium
506 680 663 752 non,ci1m
689 681 749 737 suis
775 681 937 753 virtutibus,
958 692 1020 738 turn
1046 679 1134 737 etiam

130 762 250 822 ”alienis
263 761 349 832 vitiis,
364 779 502 837 magnum
515 779 578 818 essa
592 761 749 818 videamus.

186 841 299 911 Quare,
314 840 403 897 nolite
417 839 560 909 dubitare,
574 840 644 915 quin
657 838 727 895 huic
741 837 792 895 uni
812 837 938 896 credatis
956 837 1064 909 omnia,
1084 834 1134 912 qui
1165 845 1183 897 5

149 919 222 978 inter
238 937 327 976 annos
340 928 382 975 tot
401 937 477 975 unus
497 919 630 975 inventus
644 918 691 988 sit,
711 936 796 991 quem
820 917 891 973 socii
912 917 942 974 in
963 917 1048 973 urbes
1068 932 1136 972 suas

150 1017 217 1056 cum
250 996 379 1054 exercitu
405 997 517 1054 venisse
543 997 697 1072 gaudeant.
743 994 835 1056 Quod
865 995 889 1052 si
920 994 1137 1069 auctoritatibus

151 1078 228 1133 hanc
258 1093 385 1144 causam,
404 1073 547 1145 Quirites,
576 1074 803 1132 confirmandam
828 1074 953 1148 putatis3
988 1082 1031 1130 est
1057 1072 1137 1129 vobis

153 1164 263 1224 auctor,
277 1153 319 1210 vir
341 1153 480 1210 bellorum
503 1153 632 1211 omnium
653 1152 899 1225 maximarumque
920 1170 1016 1208 rerum
1028 1150 1138 1228 peritis-

152 1234 251 1302 simus,
272 1231 304 1288 P.
326 1231 480 1302 Servilius3
511 1231 594 1307 eujus
620 1240 707 1288 tantae
733 1249 780 1287 res
799 1240 886 1306 gestae
906 1228 982 1287 terra
1009 1228 1138 1303 marique
1153 1234 1187 1288 10

152 1310 331 1379 exstiterunt,
345 1319 386 1380 ut,
402 1307 470 1369 clun
484 1310 520 1367 de
535 1310 610 1367 bello
623 1308 797 1379 deliberetis,
813 1319 912 1365 auctor
932 1308 1011 1365 vobis
1025 1308 1138 1385 gravior

152 1408 216 1445 esse
236 1407 321 1445 nemo
341 1388 462 1445 debeat:
483 1398 527 1445 est
547 1387 581 1444 C.
597 1387 697 1457 Curio,
718 1386 837 1443 summis
857 1386 958 1444 vestris
977 1385 1137 1457 beneficiis,

153 1466 341 1539 maximisque
354 1467 441 1523 rebus
454 1466 552 1543 gestis,
559 1485 678 1523 summo
690 1464 807 1541 ingenio
826 1475 855 1522 et
868 1465 1020 1541 prudentia
1039 1464 1139 1540 praedi·

153 1556 216 1601 tus:
237 1555 280 1600 est
294 1546 349 1601 Gn.
364 1544 515 1616 Lentulus,
530 1545 560 1601 in
574 1564 631 1619 quo
643 1563 753 1613 omnes,
766 1562 817 1618 pro
838 1543 1018 1619 amplissimis
1037 1542 1139 1600 vestris

154 1622 320 1693 honoribus,
347 1642 491 1679 summum
518 1623 680 1693 consilinm,
708 1640 849 1678 summam
875 1623 1055 1698 gravitatem,
1075 1625 1189 1679 esse15

71 1754 77 1763 .
154 1701 343 1777 cognoscitis:
372 1711 416 1758 est
436 1702 471 1758 C.
494 1701 623 1773 Cassius,
644 1701 818 1777 integritate,
838 1700 951 1771 virtute,
979 1698 1139 1758 constanlid

154 1780 301 1855 singulari.
341 1778 454 1850 Quare,
475 1780 579 1851 videte,
600 1790 642 1851 ut,
656 1780 758 1837 horum
779 1778 1006 1851 auctoritatibus,
1026 1779 1140 1836 illorum

153 1858 274 1916 orationi
289 1857 338 1932 qui
352 1857 533 1930 dissentiunt,
547 1860 718 1935 respondere
731 1877 813 1933 posse
826 1857 982 1914 videamur.

194 1935 310 1994 XXIV.
349 1936 426 1998 Quae
456 1935 524 1994 clun
555 1936 595 1994 ita
615 1937 682 2007 sint,
703 1937 738 1993 O.
760 1935 874 2006 Manili,
902 1934 1027 2012 primum
1055 1934 1140 1992 istam

155 2024 235 2074 tuam
249 2024 278 2072 et
290 2015 395 2091 legem,
410 2025 440 2073 et
452 2015 637 2087 voluntatem,
652 2026 681 2073 et
694 2015 866 2072 sententiam
879 2014 975 2086 laudo,
989 2015 1142 2071 vehemen-
1153 2013 1191 2067 2⁰

154 2092 322 2168 tissimdque
342 2094 512 2169 comprobo:
533 2094 638 2152 deinde
658 2106 687 2151 te
707 2095 812 2164 hortor,
833 2103 875 2163 ut,
896 2103 1013 2151 auctore
1038 2092 1142 2169 populo

155 2172 300 2241 Romanu,
314 2189 433 2229 maneas
447 2171 477 2229 in
491 2172 644 2243 sententia,
659 2192 731 2231 neve
751 2173 921 2249 cujusquam
941 2172 999 2229 vim
1020 2181 1070 2228 aut
1089 2170 1143 2227 mi-

155 2270 209 2308 nas
229 2250 422 2326 pertimescas.
471 2250 611 2322 Primum,
633 2252 662 2309 in
683 2262 712 2309 te
732 2251 802 2308 satis
822 2269 885 2308 esse
908 2250 996 2307 animi
1015 2267 1145 2325 perseve-

155 2328 313 2404 rantiaeque
334 2328 470 2387 arbitror:
491 2331 607 2401 deinde,
622 2329 690 2388 edm
710 2342 820 2387 tantam
841 2328 1055 2385 multitudinem
1075 2346 1144 2385 cnm

155 2418 237 2465 tanto
265 2407 360 2464 studio
390 2408 490 2466 adesse
517 2409 675 2479 videamus,
702 2418 841 2485 quantum
870 2426 950 2464 nunc
979 2407 1084 2463 iterum
1114 2406 1144 2462 in
1157 2407 1193 2463 95

156 2485 394 2544 eodem-homine
413 2487 597 2562 preficiendo
616 2487 765 2555 videmus;
787 2485 857 2560 quid
877 2494 930 2556 est,
945 2484 1023 2560 qubd
1038 2495 1087 2542 aut
1107 2486 1159 2554 de,

158 2584 198 2634 re,
220 2574 270 2620 aut
289 2564 513 2639 dewperficiendi
530 2565 680 2636 facultate,
709 2565 894 2622 dubitemus?
943 2564 1008 2640 Ego
1038 2574 1145 2634 autem,

158 2642 297 2716 quidquid
311 2642 341 2699 in
362 2661 408 2699 me
428 2653 472 2700 est
492 2645 590 2715 studii,
605 2645 726 2715 consilii,
741 2643 856 2714 laboris,
871 2643 991 2720 ingenii,
1006 2642 1145 2717 quidquid

159 2722 213 2777 hoc
227 2721 369 2778 beneficio
381 2723 477 2797 populi
497 2722 634 2794 Romani,
657 2733 743 2797 atque
766 2724 822 2781 hac
842 2731 981 2799 potestate
1003 2720 1144 2797 praetorid,

158 2799 297 2874 quidquid
319 2800 497 2871 auctoritate,
519 2801 585 2872 fide,
607 2802 767 2859 constantia
787 2820 918 2878 possum3
939 2801 969 2858 id
991 2820 1087 2871 omne,
1109 2800 1145 2857 ad
1158 2800 1195 2855 3⁰
1248 2815 1251 2822 ¹

158 2879 235 2935 hanc
248 2897 309 2934 rem
330 2878 550 2950 conficiendam,
564 2880 617 2937 tibi
637 2891 666 2937 et
684 2880 788 2957 populo
807 2879 942 2938 Romano
960 2879 1096 2956 polliceor
1116 2889 1146 2935 et

158 2956 264 3013 desero.
318 2955 481 3031 Testorque
502 2977 601 3015 omnes
625 2959 714 3030 Deos,
738 2969 768 3016 et
789 2979 838 3017 eos
858 2959 983 3016 maxime
1005 2958 1055 3034 qui
1076 2957 1146 3014 huic

158 3034 223 3091 loco
244 3034 405 3109 temploque
429 3037 592 3111 president,
614 3038 663 3112 qui
683 3037 813 3096 omnium
833 3048 944 3094 mentes
964 3055 1074 3106 eorum,
1096 3034 1145 3109 qui

160 3114 196 3169 ad
211 3113 430 3187 rempublicam
446 3116 562 3186 adeunt,
572 3115 696 3172 maxime*
710 3115 896 3192 perspiciunt,
915 3134 962 3172 me
981 3117 1036 3173 hoc
1049 3132 1145 3187 neque

159 3201 260 3266 rogatu
281 3191 377 3249 facere
397 3193 577 3268 cujusquam,
599 3213 693 3268 neque
714 3193 772 3269 qub
796 3196 851 3252 Cn.
875 3193 1004 3270 Pompeii
1023 3191 1146 3270 gratiam
1160 3202 1196 3256 35

158 3268 230 3325 mihi
244 3289 294 3345 per
308 3271 384 3328 hanc
398 3289 516 3328 causam
531 3273 680 3331 conciliari
692 3284 809 3348 putem;
829 3291 923 3346 neque
944 3269 1001 3346 qub
1015 3270 1097 3340 mihi,
1111 3289 1148 3326 ex

159 3347 329 3422 cujusquam
344 3349 540 3424 amplitudine,
556 3361 605 3408 aut
617 3352 750 3428 praesidia
761 3351 908 3428 periculis,
919 3360 968 3407 aut
982 3350 1148 3426 adjumenta

159 3426 324 3497 honoribus,
339 3446 482 3501 quaeram3
495 3440 645 3505 propterea
659 3429 736 3504 qubd
749 3429 879 3506 pericula
899 3427 997 3499 facile,
1012 3439 1044 3484 ut
1059 3427 1148 3484 homi-

159 3523 225 3585 nem
240 3514 374 3580 praestare
393 3518 512 3581 oportet,
528 3507 694 3567 innocentia
715 3507 795 3578 tecti,
818 3507 1005 3582 repellemus:
1026 3508 1148 3564 honores

159 3592 256 3639 autem
277 3602 371 3657 neque
392 3585 429 3641 ab
449 3605 516 3657 uno,
530 3606 624 3662 neque
637 3598 680 3653 'er
700 3586 756 3643 hoc
776 3586 1031 3656 1000,sedeadem
1051 3584 1148 3643 nostrl
1162 3592 1198 3647 40

158 3660 208 3717 illa
222 3661 445 3720 laboriosissima
465 3665 575 3723 ratione
595 3665 670 3736 vitae,
685 3664 710 3721 si
719 3674 816 3725 ,vestra
835 3664 966 3722 voluntas
986 3665 1067 3737 seret,
1083 3685 1149 3722 con-

158 3758 321 3815 sequemur.

197 3818 408 3892 Quamobrem,
429 3821 566 3899 quidquid
587 3821 615 3880 in
636 3823 693 3881 hac
713 3820 801 3880 causd
821 3823 892 3880 mrin
912 3838 1075 3899 susceptum
1095 3836 1149 3895 est,

157 3895 301 3967 Quirites,
316 3897 346 3955 id
359 3918 445 4034 omps
458 3920 504 3957 me
518 3902 684 3977 reipublice
703 3901 792 3959 eausa
813 3902 974 3978 suscepisse
995 3902 1147 3959 confirmo·
