2658 4468
343 371 482 421 ORATIO
504 372 574 422 PRO
595 371 627 422 T.
650 372 764 422 ANNIO
786 371 937 421 MILONE.
1130 373 1187 434 109

135 525 263 593 gereret,
277 517 389 575 deferre
412 535 518 591 posses.
560 517 599 574 Et
613 516 742 592 adspexit
762 535 809 574 me
829 515 887 573 illis
900 508 1018 590 quideni
1031 516 1134 588 oculis,

137 596 245 670 quibus
259 608 319 652 tum
333 595 452 666 solebat,
468 594 536 653 oiim
556 595 654 655 omnia
672 595 806 653 omnibus
819 595 993 653 minabatur.
1036 594 1135 653 Movet

138 693 189 731 me
203 674 307 750 quippe
320 675 420 732 lumen
441 674 538 732 curiae.

180 753 269 810 XIII.
303 754 410 816 Quidt
430 760 471 810 tu⁴
486 773 533 811 me
557 753 672 825 iratum,
694 753 792 823 Sexte,
805 761 890 828 putas
914 752 976 824 tibi,
998 752 1081 829 cujus
1101 761 1133 810 tu

137 831 370 890 inimicissimum
384 831 475 890 multb
497 832 643 891 crudelius
667 831 755 890 etiam
776 832 895 906 punitus
908 850 949 903 es,
964 829 1051 906 quam
1071 841 1134 889 erat
1166 843 1186 897 5

137 912 328 969 humanitatis
340 931 412 968 meae
425 912 593 987 postulare?
635 910 685 968 Tu
706 912 738 968 P.
753 911 850 968 Clodii
874 921 1025 968 cruentum
1046 911 1134 968 cada·

135 1009 188 1047 ver
219 991 332 1066 ejecisti
355 992 449 1061 domo,
473 1000 505 1048 tu
533 990 563 1049 in
583 989 733 1065 publicum
755 988 905 1065 abjecisti:
926 999 958 1046 tu
981 989 1133 1064 spoliatum

136 1069 325 1146 imaginibus,
340 1069 492 1143 exsequiis,
506 1070 621 1145 pompa,
635 1068 811 1139 laudatione,
823 1067 1028 1127 infelicissimis
1047 1067 1134 1142 lignis

136 1148 381 1217 semiustulatum,
414 1148 564 1206 nocturnis
596 1147 718 1205 canibus
752 1146 952 1204 dilaniandum
984 1145 1132 1221 reliquisti.

135 1227 241 1288 Quam
267 1247 329 1285 rem
356 1227 410 1284 etsi
437 1226 548 1286 nefarie
580 1226 685 1296 secisti,
712 1235 821 1296 tamen,
849 1224 985 1300 quoniam
1011 1225 1042 1283 in
1069 1231 1185 1286 meoli)

137 1305 260 1365 inimico
273 1306 475 1364 crudelitatem
490 1304 688 1382 exprompsisti
702 1314 792 1376 tuam,
806 1305 925 1362 laudare
938 1324 996 1362 non
1005 1323 1132 1381 possum,

137 1383 227 1442 irasci
242 1384 321 1442 certe
336 1405 393 1443 non
408 1386 509 1443 debeo.

179 1464 211 1521 Ρ.
240 1464 336 1522 Clodii
362 1476 518 1540 praeturam
545 1482 603 1521 non
630 1462 693 1520 sine
719 1462 845 1520 maximo
871 1480 967 1520 rerum
994 1481 1132 1521 novarum

139 1554 218 1599 metu
231 1543 361 1619 proponi,
375 1553 404 1601 et
418 1544 540 1601 solutam
555 1543 614 1599 fore
635 1539 855 1612 videbatiS,11isi
878 1551 954 1598 esset
976 1542 1001 1599 is
1021 1543 1131 1615 consul,
1213 1606 1220 1617 ³

140 1621 189 1696 qui
216 1641 281 1679 eam
312 1623 432 1679 auderet
460 1631 614 1696 possetque
641 1619 846 1697 constringere.
888 1620 964 1677 Eum
991 1620 1131 1679 Milonem
1150 1615 1184 1669 1⁵

141 1696 213 1771 asie,
228 1699 295 1758 oiim
320 1701 438 1758 sentiret
453 1701 605 1757 universus
626 1699 749 1775 populus
772 1699 924 1757 Romanus
935 1719 943 1768 ;
964 1699 1029 1774 quis
1049 1699 1132 1757 dubi·

140 1787 223 1850 taret,
238 1780 373 1855 suffragio
386 1800 447 1849 suo,
463 1799 494 1837 se
508 1789 598 1850 metu,
611 1778 741 1854 periculo
753 1778 971 1853 rempublicam,
985 1778 1131 1836 liberaret

143 1859 184 1914 At
199 1856 294 1937 [non,]
320 1859 352 1916 P.
367 1858 470 1917 Clodio
494 1868 612 1929 remoto,
637 1858 750 1915 usitatis
770 1857 830 1933 jam
853 1857 940 1915 rebus
963 1857 1131 1915 enitendum

143 1945 187 1992 est
211 1935 323 2008 Miloni,
349 1946 382 1993 ut
406 1947 522 1995 tueatur
549 1936 720 2013 dignitatem
747 1956 837 1994 suam.
889 1936 1051 2013 Singularis
1071 1936 1130 2006 illa,

143 2014 212 2071 hnic
226 2013 278 2070 uni
292 2034 428 2072 concessa
442 2016 541 2092 gloria,
555 2035 619 2091 quae
643 2016 770 2091 quotidie
785 2015 943 2093 augebatur
965 2015 1130 2092 frangendis
1146 2020 1183 2075 20

68 2115 75 2119 ·
141 2092 287 2151 furoribus
310 2093 466 2165 Clodianis,
488 2095 548 2171 jam
571 2104 662 2152 morte
686 2094 781 2153 Clodii
796 2095 910 2152 cecidit.
952 2094 1012 2152 Vos
1034 2093 1130 2168 adepti

138 2171 219 2242 estis,
235 2190 372 2246 nequem
387 2172 478 2230 civem
491 2173 674 2232 memoretis:
696 2174 745 2231 hic
758 2173 992 2232 exercitationem
1007 2171 1129 2243 virtutis,

138 2250 377 2326 suffragationem
403 2252 577 2324 consulatis,
605 2253 713 2311 sontem
743 2271 900 2328 perennem
931 2251 1029 2327 gloria>
1059 2269 1128 2320 sue,

136 2330 275 2405 perdidit.
317 2328 420 2403 Itaque
440 2330 555 2389 Milonis
579 2333 754 2402 consulatus,
769 2331 829 2405 qui,
844 2331 907 2387 vivo
926 2329 1039 2399 Clodio,
1053 2328 1131 2385 labe·

139 2407 244 2466 lactari
258 2427 316 2465 non
329 2418 449 2483 poterat,
463 2420 572 2468 mortuo
586 2411 711 2485 denique
724 2409 830 2466 tentari
844 2418 955 2483 coeptus
969 2416 1020 2464 est.
1061 2405 1130 2464 Non
1146 2406 1183 2461 25

141 2485 226 2622 ffiodd
252 2485 339 2563 igitur
362 2487 433 2545 nihil
456 2491 579 2564 prodest,
603 2490 654 2547 sed
677 2490 759 2548 obest
779 2488 876 2558 etiam,
891 2487 923 2543 P.
938 2484 1034 2543 Clodii
1054 2504 1130 2543 mors

126 2579 128 2582 ’
177 2565 254 2623 iloni.

180 2645 221 2700 At
241 2644 330 2701 valuit
350 2644 467 2715 odium3
489 2645 559 2704 fecit
583 2646 691 2714 iratus;
714 2646 783 2705 fecit
806 2642 959 2713 inimicus3
981 2642 1035 2701 suit
1054 2643 1129 2702 ultor

139 2721 259 2798 injuria,
273 2723 387 2798 punitor
401 2724 505 2782 doloris
519 2725 573 2782 sui.
613 2725 720 2787 Quidl
741 2725 764 2782 si
779 2727 852 2794 hac,
862 2744 920 2782 non
934 2724 1009 2794 dico,
1020 2723 1129 2800 majora

138 2801 253 2859 fuerunt
267 2803 296 2860 in
311 2803 424 2874 Clodio,
438 2801 526 2879 quiam
541 2803 571 2861 in
586 2803 706 2874 Milone,
721 2805 771 2862 sed
793 2804 822 2862 in
837 2804 886 2862 illo
899 2803 1033 2873 maxima,
1047 2803 1129 2861 nulla
1144 2805 1181 2860 30

135 2879 166 2937 in
180 2881 253 2952 hoc;
275 2883 344 2956 quid
364 2882 451 2939 vultis
471 2883 616 2957 ampliusl
655 2882 739 2955 Quid
763 2883 840 2941 enim
863 2883 969 2940 odisset
993 2882 1128 2940 Clodium

135 2957 218 3029 Milo,
243 2970 371 3037 segetem
396 2980 432 3018 ac
455 2961 607 3018 materiam
631 2980 689 3018 suae
713 2962 820 3038 gloriar,
843 2972 946 3037 praeter
967 2961 1022 3019 hoc
1042 2961 1128 3020 civile

134 3038 243 3110 odium,
258 3058 315 3114 quo
327 3058 428 3097 omnes
449 3039 592 3114 improbos
614 3040 749 3097 odimusl
791 3040 855 3111 Ille,
869 3051 940 3111 erat,
955 3049 988 3096 ut
1009 3039 1126 3109 odisset,

133 3115 260 3191 primirm
283 3117 465 3175 defensorem
489 3117 589 3175 salutis
612 3137 694 3189 meae,
719 3118 824 3176 deinde
838 3125 1000 3176 vexatorem
1014 3116 1126 3187 suroris,

134 3195 304 3253 domitorem
326 3214 469 3253 armorum
491 3215 617 3267 suorum,
643 3195 787 3272 postremb
815 3197 902 3253 etiam
930 3204 1127 3252 accusatorem
1144 3204 1180 3258 35

134 3292 239 3331 suum:
260 3293 327 3331 reus
350 3275 428 3332 enlm
451 3274 579 3346 Milonis,
603 3276 667 3352 lege
691 3274 865 3345 Plotianis
888 3273 1018 3342 clodius,
1033 3273 1127 3346 quoad

133 3351 213 3408 vixit.
254 3353 325 3413 Qud
348 3354 465 3410 tandem
490 3354 586 3411 animo
609 3355 664 3412 hoc
687 3364 842 3429 tyrannum
864 3351 964 3408 tulisse
988 3350 1127 3429 creditisl

134 3440 275 3504 quantum
298 3432 397 3489 odium
425 3431 511 3503 illius,
532 3442 571 3504 et,
593 3432 623 3489 in
650 3431 766 3489 homine
790 3429 905 3505 injusto,
933 3427 1020 3503 quam
1040 3427 1129 3485 etiam

146 3509 275 3567 ‘ustuml

140 3529 153 3585 J
174 3587 260 3645 XIV.
282 3588 441 3663 Reliquum
465 3599 518 3660 est,
542 3598 576 3647 ut
595 3588 656 3664 jam
680 3586 761 3643 illum
775 3595 878 3644 natura
899 3584 987 3662 ipsius
1008 3605 1127 3644 consue-
1144 3591 1180 3649 40

133 3667 263 3741 tudoque
278 3667 423 3737 defendat,
438 3669 517 3725 hunc
532 3678 628 3724 autem
642 3668 706 3723 haec
720 3665 821 3722 eadem
836 3676 1002 3742 coarguant.
1043 3665 1126 3723 Nihil

132 3763 185 3821 per
199 3745 257 3801 vim
270 3765 399 3819 unquam
413 3747 543 3817 Clodius,
557 3745 655 3804 omnia
677 3763 728 3818 per
751 3743 809 3800 vim
824 3743 904 3802 Milo.
944 3745 1029 3807 Quid
1048 3764 1126 3821 ergo,

139 3824 278 3898 judices?
300 3823 377 3894 crim,
392 3825 580 3882 moerentibus
593 3822 683 3891 vobis,
697 3822 776 3879 Urbe
797 3824 881 3895 cessi,
900 3823 1080 3900 judiciumne
1094 3823 1128 3880 ti·

132 3903 217 3959 muil
238 3921 296 3960 non
311 3921 415 3972 servos,
430 3923 488 3961 non
503 3921 593 3972 arma,
617 3920 674 3958 non
698 3901 778 3958 viml
818 3902 896 3963 Quae
920 3902 1020 3961 suisset
1040 3902 1124 3978 igitur
