2702 4464
171 360 209 419 12
447 360 583 410 ORATIO
605 361 626 410 1.
648 360 685 410 IN
708 359 739 409 L.
756 360 968 413 canistrum
1025 378 1030 387 ·

221 502 314 560 oculis
324 503 453 559 omnium
465 502 605 578 conspici,
616 504 730 560 mallem
743 523 749 560 :
771 501 901 574 tu,ci1m,
913 503 1094 562 conscientia
1105 506 1194 564 scele-

221 601 284 638 rum
299 593 422 650 tuorum,
435 600 574 657 agnoscas
587 582 686 638 odium
699 583 829 639 omnium
839 582 959 658 justum,
973 593 1001 638 et
1012 582 1071 658 jam
1081 583 1133 640 tibi
1144 584 1193 641 diu
1227 636 1231 645 .

221 658 361 729 debitum,
375 659 498 729 dubitas,
513 678 631 734 quorum
647 673 758 718 mentes
771 680 928 737 sensusque
943 661 1085 730 vulneras,
1094 680 1194 718 eorum

222 738 389 812 adspectum
408 740 645 812 praesentiamque
659 738 768 796 vitarel
809 738 842 796 Si
865 749 894 796 te
914 752 1048 815 parentes
1062 740 1195 797 timerent

186 827 204 879 5
222 826 307 890 atque
319 815 447 872 odissent
459 817 512 886 tui,
525 834 618 890 neque
632 835 682 873 eos
694 816 753 873 ulld
768 817 876 874 ratione
896 817 1012 894 placare
1026 836 1142 892 posses3
1163 827 1196 874 ut

220 895 332 969 opinor,
346 895 383 951 ab
393 913 492 951 eorum
513 894 605 952 oculis
627 892 722 970 aliqud
744 895 936 953 concederes:
957 915 1037 953 nunc
1049 905 1078 952 te
1092 895 1194 970 patria,

221 992 284 1048 qnae
299 972 460 1031 communis
473 982 517 1030 est
529 973 656 1030 omnium
672 974 800 1031 nostrdm
814 993 929 1049 parens,
943 974 1004 1032 odit
1026 992 1062 1030 ac
1082 973 1194 1044 metuit,

220 1062 251 1108 et
262 1051 373 1126 jamdiu
387 1051 423 1108 de
437 1061 467 1108 te
480 1051 552 1108 nibil
564 1051 685 1126 judicat,
700 1052 756 1108 nisi
770 1052 806 1109 de
819 1052 974 1128 parricidio
992 1071 1045 1109 suo
1059 1052 1194 1128 cogitare.

222 1129 318 1205 Hujus
342 1142 373 1186 tu
397 1148 491 1204 neque
513 1130 712 1188 auctoritatem
732 1150 748 1186 v
768 1132 878 1203 rebere,
892 1151 985 1206 neque
996 1130 1139 1206 judicium
1153 1149 1197 1187 se-

170 1214 204 1269 10
221 1227 318 1283 quere,
332 1227 425 1282 neque
439 1209 496 1264 vim
519 1207 704 1282 pertimesces
717 1211 729 1264 l
737 1150 847 1293 fQuae
869 1218 975 1280 tecum,
995 1208 1132 1280 Catilina,
1153 1208 1196 1265 sic

223 1287 291 1361 agit,
300 1297 329 1342 et
336 1286 545 1360 quodammodo
554 1285 641 1343 tacita
649 1285 787 1361 loquitur:
799 1293 817 1318 ‘⁴
826 1286 957 1359 Nullum,
967 1287 1073 1361 aliquot
1078 1286 1136 1362 jam
1148 1305 1196 1342 an·

221 1365 277 1434 nis,
289 1365 403 1421 facinus
416 1364 534 1433 exstitit,
549 1363 604 1419 nisi
615 1383 666 1439 per
677 1374 722 1433 te3
738 1365 848 1422 nullum
860 1364 1000 1441 flagitium
1012 1364 1128 1421 sinete:
1143 1365 1195 1421 tibi

222 1443 273 1499 uni
283 1442 436 1498 multorum
448 1441 554 1498 civium
566 1460 663 1512 neces,
672 1442 725 1499 tibi
737 1443 848 1501 vexatio
861 1443 1038 1519 direptioque
1053 1443 1195 1500 sociorum

222 1521 364 1595 impunita
377 1519 430 1577 fnit
444 1539 479 1577 ac
493 1519 600 1577 libera:
620 1529 663 1590 tu,
677 1540 735 1577 non
751 1519 842 1578 soldm
858 1522 894 1578 ad
914 1521 1103 1598 negligendas
1116 1522 1196 1597 leges

171 1601 205 1656 15
222 1610 251 1656 et
264 1599 445 1673 questiones,
460 1596 558 1655 verbm
573 1597 661 1655 etiam
683 1599 718 1655 ad
732 1600 901 1657 evertendas
913 1600 1195 1675 perfringendasque,

222 1677 345 1734 valuisti
362 1677 515 1752 superlore
523 1676 581 1747 illa,
590 1695 754 1751 quanquam
762 1678 880 1736 ferenda
888 1697 945 1737 nou
956 1678 1080 1744 fuerunt,
1087 1689 1195 1748 tamen,
1251 1692 1254 1701 '

222 1768 254 1813 ut
267 1756 356 1832 potui,
370 1756 439 1812 tuli:
461 1774 540 1811 nnnc
554 1753 621 1812 verd
636 1775 682 1812 me
701 1767 791 1813 totam
804 1776 867 1814 esse
882 1756 912 1814 in
935 1768 1012 1814 metu
1033 1766 1147 1832 propter
1167 1767 1196 1812 te

223 1854 312 1891 unum
322 1854 330 1903 ;
351 1833 487 1909 quidquid
498 1833 683 1909 increpuerit,
693 1835 848 1892 Catilinam
857 1835 951 1893 timeri
961 1855 968 1905 ;
983 1834 1095 1893 nullum
1106 1834 1195 1891 videri

223 1924 381 1970 contrame
396 1911 547 1969 consilium
562 1912 628 1969 iniri
651 1931 744 1988 posse,
765 1914 841 1988 quod
866 1933 883 1971 a
906 1924 956 1971 tuo
970 1914 1080 1972 scelere
1095 1913 1196 1969 abhor-

169 1994 206 2048 20
223 2002 301 2060 reat;
322 2010 380 2049 non
394 2002 438 2048 est
452 1990 610 2048 serendum.
650 1990 860 2059 Quamobrem,
875 1992 1003 2061 discede,
1019 2002 1102 2066 atque
1118 1992 1196 2047 hunc

222 2070 294 2127 mihi
305 2071 436 2127 timorem
449 2069 527 2144 eripe
538 2087 546 2138 ;
568 2069 592 2125 si
606 2079 651 2126 est
664 2088 756 2140 serus,
766 2089 803 2128 ne
816 2071 977 2147 opprimar3
998 2070 1044 2128 sin
1059 2070 1156 2141 falsus,
1166 2079 1197 2127 ut

222 2149 340 2206 tandem
356 2148 507 2222 aliquando
521 2147 621 2204 timere
635 2147 794 2204 desinam.'’
1138 2188 1141 2203 .

262 2226 348 2285 VIII.
371 2226 446 2283 Haec
459 2226 484 2283 si
495 2235 591 2283 tecum
612 2226 658 2303 (ut
671 2226 744 2360 dini
759 2227 852 2302 patria
865 2227 1006 2303 loquatur,
1021 2246 1118 2284 nonne
1144 2226 1195 2283 im·

222 2316 334 2380 petrare
355 2306 467 2376 debeat,
495 2304 608 2361 etiamsi
629 2305 685 2361 vim
707 2324 724 2362 a
746 2306 844 2363 hibere
864 2325 922 2362 non
942 2305 1051 2382 possitl
1091 2305 1195 2366 Quidl
1227 2329 1228 2333 ¹

169 2388 206 2442 25
222 2382 299 2459 qudd
320 2395 351 2440 tu
371 2394 399 2440 te
420 2384 480 2458 ipse
501 2382 530 2439 in
545 2383 704 2442 custodiam
726 2384 851 2441 dedistil
865 2385 932 2459 quid
945 2386 957 2441 l
971 2382 1058 2460 qudd,
1073 2384 1196 2440 vitandas

223 2462 393 2538 suspicionis
407 2462 505 2532 causa,
521 2463 596 2537 apud
610 2461 652 2519 M.
664 2461 805 2538 Lepidum
820 2476 848 2521 te
860 2463 988 2520 habitare
997 2463 1069 2520 velle
1080 2462 1196 2520 dixistil

223 2559 309 2616 aquo
324 2561 379 2598 non
392 2552 534 2616 receptus,
548 2542 635 2598 etiam
651 2542 687 2597 ad
702 2561 747 2598 me
762 2542 860 2599 venire
881 2561 968 2598 ausus
981 2561 1031 2610 es;
1054 2551 1148 2614 atque,
1165 2551 1196 2597 ut

223 2619 299 2675 domi
315 2638 385 2675 meas
399 2630 428 2675 te
443 2637 627 2687 asservarent,
641 2619 756 2693 rogasti.
797 2619 874 2675 Ciam
890 2638 906 2675 a
920 2638 965 2675 mc
985 2636 1095 2693 quoque
1110 2618 1138 2672 id
1153 2637 1197 2673 re·

223 2715 358 2770 sponsum
372 2696 495 2763 tulisses,
504 2714 550 2751 me
565 2696 643 2752 nullo
656 2697 741 2752 modo
754 2715 836 2769 posse
851 2696 951 2752 iisdem
966 2695 1121 2769 parietibus
1132 2693 1194 2751 tutd

169 2777 206 2831 30
222 2793 285 2830 esse
306 2783 412 2842 tecum,
432 2773 480 2847 qni
495 2791 600 2847 magno
614 2774 643 2829 in
657 2772 785 2846 periculo
798 2791 901 2842 essem,
915 2774 989 2846 quod
1006 2772 1106 2828 iisdem
1126 2790 1196 2828 moe·

223 2852 308 2909 nibus
328 2852 560 2918 contineremnr3
583 2850 618 2906 ad
634 2850 674 2911 Q.
690 2849 840 2906 Metellum
862 2861 1011 2925 praetorem
1034 2849 1155 2905 venistI:
1178 2869 1195 2906 a

221 2951 278 3006 quo
292 2929 466 3005 repudiatus,
482 2929 517 2984 ad
532 2928 658 2985 sodalem
673 2938 763 2996 tuum,
778 2927 868 2985 virum
883 2929 1032 3002 optimum,
1060 2927 1101 2984 M.
1117 2926 1194 2984 Mar·

222 3009 338 3079 cellum,
350 3000 532 3082 demigrdsti}
555 3025 640 3081 quem
655 3017 685 3063 tu
702 3006 834 3063 videlicet
847 3017 877 3063 et
887 3008 922 3063 ad
933 3006 1152 3064 custodiendum
1165 3017 1193 3062 te

222 3086 483 3163 diligentissimum,
493 3094 522 3141 et
532 3085 567 3141 ad
582 3084 788 3160 suspicandum
804 3084 1071 3160 sagacissimum,et
1085 3085 1120 3140 ad
1134 3085 1194 3139 vin·

170 3170 206 3224 35
222 3166 378 3223 dicandum
388 3163 581 3232 fortissimum,
593 3164 650 3220 lore
664 3163 779 3238 putasti
822 3164 879 3220 Sed
888 3161 974 3238 qudm
986 3160 1072 3239 longe
1082 3163 1193 3220 videtur

223 3263 240 3302 a
253 3263 370 3301 carcere
385 3255 469 3318 atque
484 3261 500 3298 a
514 3241 637 3299 vinculis
687 3261 750 3299 esse
762 3242 876 3312 debere,
888 3242 936 3317 qui
950 3261 980 3298 se
993 3242 1053 3317 ipse
1062 3242 1122 3318 jam
1133 3241 1194 3317 dig·

221 3341 290 3380 num
306 3322 437 3380 custodia
449 3321 643 3397 judicaveritl

191 3412 211 3487 f
260 3401 337 3462 Quae
352 3400 420 3459 crim
434 3399 475 3457 ita
488 3400 556 3469 sint,
570 3398 707 3468 Catilina,
721 3398 846 3468 dubitas,
861 3398 885 3455 si
900 3397 949 3455 hic
964 3397 1097 3478 [morari]
1113 3417 1194 3473 aeqno

184 3500 190 3523 ¹
222 3481 318 3537 aulmo
332 3499 389 3537 non
404 3488 494 3555 potes,
504 3477 582 3534 abire
597 3477 625 3533 in
641 3477 749 3552 aliquas
763 3487 863 3548 terras,
874 3491 903 3534 et
912 3477 998 3534 vitam
1014 3478 1110 3546 istam,
1123 3476 1194 3534 mul-

170 3557 205 3611 40
222 3558 258 3614 tis
280 3559 428 3634 suppliciis
445 3557 530 3634 justis
551 3555 710 3631 debitisque
730 3566 868 3631 ereptam,
890 3556 965 3633 luge
989 3556 1193 3632 solitudinique

221 3637 379 3694 mandarel

262 3721 280 3748 ‘⁴
292 3714 411 3780 Reser‚''
424 3713 527 3787 inquis,
542 3718 561 3745 “
575 3712 610 3769 ad
623 3713 762 3770 Senatum
772 3713 791 3740 '¹
807 3713 848 3787 (id
859 3713 936 3770 enim
947 3713 1103 3789 postulas):
1117 3722 1156 3783 et,
1168 3711 1192 3768 si

221 3793 271 3852 hic
284 3794 354 3850 ordo
367 3793 482 3867 placere
497 3791 551 3848 sibi
565 3791 734 3858 decreverit,
748 3801 776 3848 te
791 3791 831 3848 ire
847 3791 875 3847 in
890 3791 1032 3860 exsilium,
1047 3791 1194 3864 obtempe-

222 3883 348 3930 raturum
362 3881 391 3928 te
411 3888 474 3927 esse
494 3869 577 3926 dicis.
619 3868 686 3926 Non
708 3870 827 3926 reseram
850 3868 905 3943 (id,
925 3870 1000 3943 quod
1022 3868 1155 3925 abhorret
1175 3885 1193 3926 a
