2658 4468
176 390 235 449 1¹12
480 388 618 439 ORATIO
640 388 678 438 ΙΝ
700 388 738 437 Μ.
762 387 966 437 ANTONIUM.

225 530 356 589 audiatis.
398 530 493 590 Debet
506 532 585 590 enim
598 531 704 589 talibus
719 530 749 589 in
768 530 855 588 rebus
874 530 1002 589 excitare
1023 531 1144 603 animos,
1158 551 1218 590 nou

224 610 351 686 cognitio
364 609 457 668 solum
476 629 582 681 rerum,
597 610 649 668 sed
670 609 758 667 etiam
778 609 948 667 recordatio.
991 610 1124 668 Tametsi
1145 609 1219 668 inci-

223 690 327 746 damus
338 698 448 765 oportet
462 688 567 759 media,
581 708 619 745 ne
633 688 720 745 nimis
734 686 799 745 sero
814 689 850 744 ad
864 697 993 744 extrema
1006 689 1166 746 veniamus.

264 767 387 824 intimus
401 767 506 825 eratin
520 767 668 824 tribunatu
682 767 795 837 Clodio,
809 766 858 841 qui
879 784 932 823 sua
951 785 1021 843 erga
1041 785 1088 824 me
1108 766 1218 825 benefi-

191 845 272 913 5cia
299 855 519 915 commemorat,
549 845 611 922 ejus
637 846 767 903 omnium
796 845 995 902 incendiorum
1025 844 1081 902 fax.
1123 846 1218 921 Cujus

224 924 312 982 etiam
325 925 403 982 domi
416 925 554 999 quiddam
564 925 625 1000 jam
645 933 707 980 tum
728 924 843 981 molitus
863 933 925 980 est:
948 923 1017 997 quid
1032 923 1139 994 dicam,
1155 924 1217 1000 ipse

131 1011 139 1029 '
222 1001 330 1080 optime
361 1003 503 1080 intelligit.
552 1002 611 1060 Iter
639 1003 708 1059 inde
736 1002 944 1059 Alexandriam
973 1011 1073 1059 contra
1095 1004 1216 1060 senatuis

225 1081 435 1153 auctoritatem,
455 1091 556 1140 contra
576 1081 747 1157 religiones:
776 1081 827 1138 sed
847 1080 973 1137 habebat
1000 1080 1106 1138 ducem
1127 1082 1218 1139 Gabi·

224 1161 315 1232 nium,
336 1161 454 1235 quicum
474 1159 586 1236 quidvis
613 1158 774 1217 rectissime
804 1161 900 1217 lacere
926 1169 1028 1234 posset.
1069 1159 1134 1220 Qui
1154 1170 1217 1216 tum

106 1256 110 1263 ·
176 1247 211 1301 10
225 1240 294 1298 inde
321 1240 440 1309 reditus,
469 1248 518 1296 aut
545 1238 659 1313 qualisl
708 1235 794 1295 Prius
823 1238 852 1295 in
881 1236 1012 1294 ultimam
1032 1237 1160 1296 Galliam
1181 1259 1218 1296 ex
1304 1300 1305 1303 ,

224 1318 359 1393 AEgypto‚
380 1316 468 1393 quim
495 1319 621 1375 domum.
660 1316 739 1378 Quae
768 1325 864 1373 autem
892 1325 954 1373 erat
981 1317 1103 1375 domuel
1133 1337 1216 1375 suam

224 1397 302 1454 enim
328 1396 448 1471 quisque
469 1398 584 1454 domum
604 1404 666 1452 tum
686 1395 849 1464 obtinebat3
880 1413 976 1468 neque
1003 1404 1066 1451 erat
1094 1415 1217 1470 usquam

223 1485 282 1532 tua
323 1474 450 1532 Domum
463 1474 551 1533 dicul
581 1473 651 1549 quid
671 1483 733 1531 erat
753 1473 782 1530 in
803 1473 896 1544 terris,
917 1472 968 1529 ubi
989 1472 1017 1529 in
1039 1482 1090 1531 tuo
1109 1475 1217 1550 pedem

223 1572 354 1630 poneres,
368 1563 470 1629 praeter
484 1572 574 1610 unum
598 1552 755 1623 Misenum,
769 1552 845 1627 quod
867 1570 934 1609 cum
964 1551 1060 1624 sociis,
1075 1563 1217 1627 tanquam

175 1635 210 1690 15
225 1632 403 1707 Sisaponem,
418 1633 557 1689 tenebasl

263 1710 334 1768 XX.
368 1710 483 1768 Venisti
503 1730 520 1768 e
539 1710 636 1767 Gallis
658 1710 694 1766 ad
715 1721 888 1783 quaesturam
915 1708 1078 1784 petendam.
1129 1710 1216 1768 Aude

224 1789 332 1859 dicere,
347 1800 376 1846 te
394 1786 475 1865 priris
496 1790 532 1846 ad
556 1786 717 1865 [parentem
737 1788 831 1922 tuaml]
854 1787 976 1858 venisse,
990 1785 1076 1862 qudm
1099 1789 1136 1846 ad
1157 1808 1212 1846 me.

224 1868 406 1944 Acceperam
420 1868 498 1925 enim
515 1867 576 1942 jam
590 1864 657 1924 ante
671 1866 797 1924 Caesaris
828 1865 924 1937 iteras,
938 1876 971 1923 ut
990 1865 1062 1923 mihi
1083 1867 1214 1924 satisfieri

222 1955 374 2023 paterere
402 1956 447 2004 te:
468 1946 566 2020 itaque
594 1964 631 2002 ne
659 1945 737 2019 loqui
765 1944 881 2020 quidem
912 1963 976 2001 sum
1005 1955 1034 2002 te
1052 1963 1156 2021 passus
1177 1946 1212 2003 de

174 2037 210 2091 20
224 2023 326 2101 gratiis.
367 2024 471 2082 Postea
485 2024 644 2082 custoditus
657 2042 721 2080 sum
745 2042 763 2080 a
783 2033 822 2094 te,
844 2032 876 2080 tu
897 2041 974 2080 ame
993 2024 1162 2081 observatus
1185 2024 1214 2081 in
1304 2066 1305 2079 r

223 2104 361 2180 petitione
380 2114 547 2179 quaestura:
571 2122 628 2179 quo
654 2102 770 2178 quidem
798 2110 926 2177 tempore
945 2102 978 2159 P.
1000 2101 1148 2174 Clodium,
1170 2122 1215 2178 ap·

222 2183 361 2259 probante
374 2182 477 2258 populo
491 2182 634 2253 Romano,
650 2182 679 2238 in
694 2181 754 2238 soro
767 2199 799 2237 es
819 2190 939 2238 conatus
960 2180 1095 2238 occidere
1107 2200 1118 2253 ε,
1137 2179 1216 2238 cirm-

225 2280 281 2337 que
292 2280 357 2318 eam
371 2280 431 2318 rem
445 2262 495 2318 tuis
509 2270 608 2337 sponte
623 2278 770 2328 conarere,
785 2278 843 2316 non
866 2258 990 2334 impulsu
1013 2277 1095 2328 meo;
1117 2269 1220 2326 tamen

225 2339 266 2397 ita
285 2339 473 2418 predicabas,
500 2349 530 2398 te
558 2359 615 2397 non
636 2337 811 2408 existimare,
831 2336 887 2394 uisi
908 2337 989 2394 illum
1009 2337 1214 2410 interfecisses,

174 2427 210 2482 25
225 2439 352 2494 unquam
372 2418 453 2490 mihi,
476 2438 528 2495 pro
554 2419 612 2476 tuis
632 2417 663 2475 in
683 2436 730 2474 me
750 2415 872 2491 injuriis,
886 2415 956 2475 satis
976 2435 1039 2474 esse
1060 2415 1213 2474 facturum.

224 2497 260 2555 In
274 2518 331 2573 quo
344 2497 478 2569 demiror,
493 2516 545 2555 cur
559 2496 699 2554 Milonem
720 2494 843 2570 impulsu
857 2511 922 2551 meo
941 2513 1002 2552 rem
1024 2495 1103 2553 illam
1120 2496 1215 2572 egisse

224 2576 316 2647 dicas,
330 2574 399 2634 crim
420 2586 460 2647 te,
482 2577 557 2634 ultro
576 2576 647 2633 mihi
668 2575 745 2631 idem
767 2573 838 2630 illud
858 2573 1045 2645 deferentem,
1065 2592 1215 2649 nunquam

225 2655 279 2711 sim
301 2656 485 2712 adhortatus:
506 2673 679 2730 quanquam,
700 2652 776 2710 siin
796 2671 832 2709 eo
887 2671 1056 2723 rsererares,
1078 2652 1115 2709 ad
1136 2662 1215 2710 tuam

224 2733 344 2810 gloriam
358 2751 419 2789 rem
434 2732 511 2789 illam
525 2732 625 2790 referri
639 2732 793 2802 malebam,
807 2750 844 2806 qu
865 2749 894 2786 m
918 2731 954 2787 ad
972 2749 1067 2805 meam
1082 2731 1214 2807 gratiam.

173 2816 210 2872 30
262 2811 398 2872 Quaestor
412 2829 443 2866 es
457 2810 560 2880 sactus,
575 2811 680 2868 deinde
700 2807 848 2880 continud,
863 2808 925 2867 sine
945 2809 1215 2882 oenatria-consulto,
1304 2856 1305 2859 η

224 2889 287 2947 sine
300 2899 385 2960 sorte,
399 2887 462 2945 sine
476 2889 550 2964 lege,
566 2890 602 2945 ad
616 2890 763 2947 Caesarem
783 2887 953 2945 cucurristi:
975 2888 1005 2945 id
1025 2888 1104 2945 enim
1125 2908 1215 2946 unum
1304 2884 1305 2907 l

224 2969 255 3027 in
278 2967 371 3038 terris,
394 2967 539 3042 egestatis,
561 2967 625 3024 aeris
646 2967 743 3039 alieni,
765 2966 910 3040 nequitiae,
924 2966 1044 3041 perditis
1063 2967 1129 3024 vitae
1150 2968 1216 3024 rati·
1304 3018 1305 3043 ,

197 3052 202 3061 ’
222 3047 336 3117 onibus,
350 3045 513 3122 perfugium
527 3065 590 3103 esse
603 3047 739 3104 ducebas.
781 3044 828 3102 Ibi
841 3054 870 3102 te
891 3043 959 3102 crim
982 3055 1013 3102 et
1032 3045 1110 3103 illius
1130 3047 1216 3123 largi·
1304 3058 1305 3105 ἕ

223 3126 349 3184 tionibus
363 3135 392 3183 et
405 3125 463 3181 tuis
483 3125 591 3201 rapinis
604 3124 774 3200 explevisses
789 3122 828 3201 (si
851 3125 907 3182 hoc
927 3134 971 3181 est
994 3123 1119 3200 explere,
1140 3125 1214 3199 quod

173 3217 209 3273 35
223 3204 320 3262 statim
340 3204 497 3282 effundas),
526 3203 664 3261 advolasti
690 3223 779 3279 egens
808 3202 844 3259 ad
866 3201 1055 3274 tribunatum,
1077 3212 1109 3260 ut
1130 3203 1160 3260 in
1181 3223 1214 3262 eu

223 3284 402 3359 magistratu,
417 3282 442 3340 si
455 3302 561 3358 posses,
576 3282 630 3339 viri
643 3281 686 3338 tui
700 3281 801 3338 similis
815 3300 900 3338 esses.

262 3361 349 3419 XXI.
385 3361 521 3437 Accipite
541 3380 630 3431 nunc,
651 3379 756 3434 quaeso,
771 3379 828 3417 non
842 3378 886 3430 ea,
901 3377 964 3432 quse
986 3358 1091 3435 ipsein
1112 3379 1154 3431 se,
1176 3369 1215 3417 at·

222 3441 330 3516 quein
358 3441 548 3499 domesticum
579 3440 715 3509 dedecus,
736 3437 847 3514 impure
872 3447 958 3511 atque
979 3437 1214 3513 intemperanter,

223 3520 274 3576 sed
294 3539 358 3593 quac
379 3520 409 3577 in
429 3539 482 3577 nos
510 3518 694 3592 inmunesque
723 3526 843 3587 nostras,
864 3515 894 3572 id
915 3525 968 3585 est,
989 3516 1020 3573 in
1049 3517 1214 3574 universam

173 3607 208 3660 40
223 3598 440 3673 rempublicam,
456 3596 542 3672 impie
559 3616 593 3654 ac
607 3593 729 3665 nesarid,
745 3594 854 3652 lecerit.
895 3594 944 3650 Ab
958 3594 1044 3670 hujus
1060 3596 1140 3652 enim
1154 3616 1204 3654 sce

221 3674 281 3732 lere
301 3677 430 3733 omnium
450 3676 589 3733 malorum
610 3674 782 3750 principium
802 3682 902 3730 natum
925 3674 1082 3748 reperietis.
1125 3674 1214 3746 Nam,

223 3750 301 3824 cum,
326 3754 359 3810 L.
375 3753 508 3824 Lentulo,
531 3755 565 3810 0.
582 3752 732 3821 Marcello,
754 3751 930 3821 consulibus,
945 3751 1086 3809 Calendis
1106 3752 1215 3811 Janua·

222 3830 283 3900 riis,
297 3832 442 3889 labantem
457 3841 487 3888 et
499 3831 586 3908 propd
609 3832 761 3888 cadentem
782 3829 990 3906 rempublicam
1011 3831 1115 3889 fulcire
1129 3851 1215 3907 cupe-

223 3909 301 3979 retis,
317 3908 426 3984 ipsique
447 3910 481 3966 C.
498 3909 617 3980 Caesari,
632 3909 657 3965 si
677 3909 757 3966 santi
769 3917 865 3967 mente
885 3918 971 3981 esset,
992 3910 1145 3969 consulere
1158 3910 1215 3969 vel·
