2702 4464
375 384 511 434 ORATIO
533 383 603 433 PRO
624 381 721 432 LEGE
743 380 908 430 MANILIA.
1111 444 1119 453 ,
1149 381 1190 440 47

156 528 263 605 rigatio
277 527 461 602 conquiescit.
503 526 550 584 Ita
566 545 661 600 neque
681 545 717 583 ex
735 534 828 600 portu,
842 542 936 597 neque
950 542 986 580 ex
999 525 1139 597 decumis,

156 626 250 680 neque
270 627 305 664 ex
325 606 474 682 scripturi,
489 606 611 680 vectigal
632 603 794 662 conservari
813 613 912 679 potest.
952 603 1055 663 Quare
1066 622 1140 678 saepe

156 687 242 742 totius
263 686 329 741 anni
350 685 460 741 fructus
479 703 537 741 uno
556 702 669 741 rumore
687 681 819 758 periculi,
834 691 923 757 atque
933 700 991 738 uno
1004 680 1072 738 belli
1085 690 1141 739 ter-

157 782 229 832 rore,
245 764 391 820 amittitur.

195 840 265 900 Quo
278 842 395 897 tandem
410 840 506 897 animo
525 858 589 897 asse
609 838 778 896 existimatis
793 847 842 894 aut
861 837 973 911 eosqui
987 837 1140 913 vectigalia
1169 835 1188 889 5

155 919 237 976 nobis
250 919 404 993 pensitant,
419 927 468 975 aut
482 918 593 992 eosqui
607 925 742 973 exercent
756 926 841 990 atque
859 917 986 992 exigunt,
1001 914 1069 973 crim
1082 917 1140 973 duo

155 1016 238 1072 reges
259 1016 327 1053 cum
347 997 479 1053 maximis
499 997 589 1071 copiis
607 992 693 1070 prope
716 994 828 1051 adsintl
850 993 918 1050 clun
938 1013 997 1050 una
1010 995 1141 1052 excursio

49 1099 67 1123 a
155 1075 300 1148 equitatus
313 1075 582 1150 perbrevi‚tempore
592 1073 679 1130 totius
694 1073 762 1129 anni
775 1072 897 1148 vectigal
912 1072 1024 1128 auferre
1035 1073 1139 1147 possit3

156 1151 224 1210 clim
238 1153 386 1228 publicani
400 1153 522 1209 familias
535 1152 684 1220 maximas,
699 1150 813 1224 quasin
827 1150 926 1206 salinis
940 1150 1055 1219 habent,
1069 1168 1140 1223 quas

156 1231 187 1287 in
202 1231 288 1306 agris,
303 1249 374 1303 quas
387 1231 418 1287 in
429 1231 566 1305 portubus
585 1240 674 1302 atque
690 1227 837 1298 custodiis,
851 1246 956 1303 magno
968 1227 1096 1303 periculo
1109 1248 1139 1285 se
1155 1230 1189 1284 10

156 1309 263 1365 habere
284 1309 465 1365 arbitrentur.
507 1307 655 1364 Putatisne
669 1325 718 1362 vos
738 1305 795 1362 illis
808 1306 894 1362 rebus
907 1305 963 1362 frui
976 1324 1068 1381 posse,
1083 1306 1139 1363 nisi

156 1406 214 1456 eos,
230 1387 278 1460 qui
298 1387 377 1443 vobis
397 1386 535 1443 fructuosi
556 1394 631 1454 sunt,
651 1384 894 1454 conservaveritis,
908 1403 966 1441 non
987 1381 1078 1440 solum
1093 1381 1140 1461 (ut

158 1475 242 1521 antea
255 1465 328 1544 dixi)
344 1464 517 1534 calamitate,
532 1464 584 1520 sed
603 1463 691 1519 etiam
709 1461 882 1518 calamitatis
895 1461 1056 1532 formidine,
1070 1461 1140 1519 libe·

156 1544 254 1600 ratosl

196 1620 265 1677 VII.
297 1621 345 1677 Ac
355 1640 392 1677 ne
402 1620 473 1677 illud
487 1621 604 1694 quidem
613 1618 693 1675 vobis
703 1618 908 1694 negligendum
918 1628 971 1689 est,
982 1619 1058 1691 quod
1068 1618 1139 1675 mihi
1154 1627 1189 1679 15

157 1717 211 1774 ego
224 1709 382 1755 extremum
395 1716 605 1774 proposueram,
620 1695 688 1753 ciam
708 1715 801 1753 essem
821 1696 858 1752 de
878 1696 946 1753 belli
960 1715 1066 1772 genere
1080 1697 1140 1753 dic·

156 1787 246 1847 turus,
261 1778 336 1851 quod
351 1778 386 1834 ad
401 1778 554 1834 multorum
568 1776 643 1832 bona
663 1775 769 1831 civium
789 1773 987 1832 Romanorum
1000 1774 1138 1849 pertinet3

156 1874 275 1928 quorum
289 1855 377 1925 vobis,
388 1874 438 1930 pro
451 1855 544 1912 vestri
559 1852 708 1928 sapientiai,
719 1852 861 1922 Quirites,
872 1853 1005 1910 habenda
1015 1863 1058 1909 est
1067 1853 1141 1910 ratio

158 1932 316 2007 diligenter.
358 1933 436 1989 Nam
456 1943 485 1990 et
504 1931 662 2008 publicani,
682 1930 812 1987 homines
838 1939 868 1987 et
893 1930 1085 1988 honestissimi
1111 1940 1140 1988 et

157 2010 339 2080 ornatissimi,
354 2029 420 2067 suas
440 2011 564 2068 rationes
583 2019 613 2067 at
633 2009 730 2083 copias
743 2009 772 2065 in
787 2008 865 2065 illam
878 2010 1054 2084 provinciam
1075 2028 1141 2066 con·
1153 2011 1190 2065 20

157 2088 300 2157 tulerunt;
322 2107 442 2162 quorum
462 2089 586 2164 ipsorum
604 2107 655 2163 per
675 2107 706 2143 sa
726 2106 772 2143 res
792 2097 821 2144 et
839 2086 957 2145 fortunae
972 2106 1048 2144 curae
1062 2088 1141 2145 vobis

159 2184 222 2221 esse
242 2166 355 2222 debent.
396 2166 522 2236 Etenim,
544 2167 568 2223 si
588 2165 742 2241 vectigalia
768 2184 869 2222 nervos
889 2185 952 2222 esse
975 2165 1140 2240 reipublicae

159 2262 269 2318 semper
284 2245 433 2313 duximus;
455 2263 521 2300 eum
535 2243 613 2301 certe
627 2244 767 2313 ordinem,
782 2243 831 2317 qui
844 2252 960 2300 exercet
973 2243 1032 2313 illa,
1049 2243 1142 2301 firma-

159 2331 289 2377 mentum
302 2332 469 2379 caetercrum
482 2322 614 2378 ordinum
627 2320 706 2378 recte
721 2341 784 2378 esse
799 2322 937 2378 dicemus.

199 2399 314 2455 Deinde
329 2399 440 2455 caeteris
453 2418 489 2455 ex
501 2400 648 2456 ordinibus
667 2400 798 2457 homines
811 2400 877 2456 navi
891 2409 920 2455 et
934 2398 1066 2455 industrii
1080 2417 1142 2473 par·
1154 2403 1190 2455 25

159 2476 212 2533 tim
226 2477 279 2551 ipsi
293 2477 323 2533 in
337 2477 410 2533 Asia
424 2477 613 2553 negotiantur,
627 2479 731 2552 quibus
744 2497 793 2534 vos
808 2477 973 2533 absentibus
993 2477 1142 2533 consulere

160 2554 282 2623 debetis3
297 2556 400 2630 partim
409 2574 475 2611 suas
484 2566 629 2612 etsuorum
639 2557 669 2612 in
678 2555 868 2631 eaprovinciri
875 2554 1014 2630 pecunias
1023 2573 1142 2629 magnas

160 2632 314 2689 collocatas
334 2633 449 2690 habent
491 2633 554 2690 Erit
574 2634 661 2710 igitur
682 2634 868 2690 humanitatis
881 2642 990 2702 vestra,
1005 2651 1141 2708 magnum

159 2729 257 2767 eorum
278 2711 384 2768 civium
405 2731 556 2769 numerum
570 2712 733 2768 calamitate
746 2711 911 2787 prohibere;
933 2711 1089 2787 sapientiae,
1103 2711 1143 2768 vi·

159 2788 237 2859 dere,
260 2790 414 2846 multorum
435 2790 541 2847 civium
562 2790 756 2852 calamitatem
778 2790 961 2864 erepublica
982 2790 1142 2864 sejunctam
1155 2795 1191 2849 30

158 2885 221 2923 esse
235 2887 292 2924 non
304 2887 394 2942 posse.
436 2868 553 2925 Etenim
573 2867 644 2923 illud
663 2868 786 2943 primum
805 2868 884 2943 parvi
902 2869 998 2938 refert,
1011 2887 1060 2925 vos
1073 2868 1143 2943 pub-

158 2944 261 3001 licanis
276 2946 380 3002 amissa
393 2947 546 3021 vectigalia
563 2954 661 3021 postea
680 2946 799 3003 victorii
818 2964 996 3021 recuperare.
1037 2945 1142 3019 Neque

147 3022 237 3093 ,enim
263 3023 365 3080 iisdem
392 3024 553 3080 redimendi
580 3023 702 3080 facultas
722 3025 786 3094 erit,
806 3034 917 3100 propter
938 3024 1141 3095 calamitatem,

159 3118 253 3172 neque
267 3101 330 3157 aliis
343 3102 483 3172 voluntas,
497 3111 609 3177 propter
623 3101 761 3159 timorem.

199 3177 322 3248 Deinde,
337 3180 413 3252 quod
426 3199 478 3237 nos
492 3181 593 3236 eadem
607 3180 681 3236 Asia
694 3190 779 3254 atque
790 3182 866 3238 idem
881 3179 935 3236 iste
949 3178 1141 3250 Mithridates,
1156 3183 1192 3236 35

160 3255 242 3312 initio
253 3257 320 3313 belli
330 3257 465 3328 Asiatici,
477 3258 575 3315 docuit
585 3278 592 3325 ;
614 3258 644 3314 id
653 3258 766 3331 quidem
779 3258 869 3329 certe,
880 3257 1044 3314 calamitate
1055 3258 1141 3327 docti,

159 3334 297 3389 memorii
324 3336 447 3393 retinere
474 3337 619 3392 debemus.
661 3335 739 3392 Nam
765 3345 826 3401 tum
853 3333 921 3393 calm
948 3335 978 3391 in
1001 3335 1074 3391 Asia
1097 3354 1143 3392 res

161 3428 281 3485 magnas
299 3414 432 3487 permulti
453 3415 616 3484 amiserant,
637 3414 754 3484 scimus,
770 3414 882 3483 Romae,
897 3413 1036 3469 solutione
1057 3413 1144 3488 impe·

161 3488 232 3557 dita,
253 3489 339 3546 fidem
359 3492 528 3548 concidisse.
569 3492 638 3549 Non
658 3492 735 3548 enim
757 3502 875 3568 possunt
899 3490 957 3546 unt
977 3490 1007 3547 in
1028 3491 1143 3548 civitate

160 3566 244 3622 multi
264 3586 324 3623 rem
345 3578 429 3641 atque
450 3570 577 3626 fortunas
598 3570 738 3640 amittere,
753 3581 785 3626 ut
804 3590 861 3627 non
880 3568 976 3645 plures
994 3588 1092 3626 secum
1113 3570 1143 3626 in
1157 3575 1193 3629 40

161 3644 284 3700 eandem
315 3646 507 3704 calamitatem
533 3649 656 3704 trahant.
698 3648 726 3703 A
756 3668 813 3723 quo
839 3647 968 3724 periculo
996 3650 1143 3723 prohibete

160 3723 377 3798 rempublicam,
389 3734 418 3780 et
427 3725 498 3782 mihi
509 3726 627 3795 credite,
640 3723 694 3801 (id,
706 3727 781 3799 quod
795 3727 848 3802 ipsi
861 3726 977 3805 videtis)
989 3729 1051 3784 haec
1062 3727 1143 3798 fides,

162 3809 246 3873 atque
267 3802 329 3857 haec
350 3803 422 3860 ratio
442 3804 640 3877 pecuniarum,
661 3823 724 3876 quae
744 3804 857 3876 Romae,
871 3824 934 3878 quae
955 3806 984 3861 in
1005 3806 1065 3863 foro
1083 3825 1144 3863 ver-

161 3890 250 3949 satur,
265 3879 403 3955 implicita
417 3891 460 3937 est
480 3900 547 3937 cum
567 3882 623 3938 illis
642 3883 773 3957 pecuniis
797 3883 944 3953 Asiaticis,
959 3894 989 3941 et
1011 3886 1142 3941 cohaeret.

162 3954 262 4024 Ruere
276 3957 325 4014 illa
338 3978 396 4015 non
408 3968 536 4034 possunt,
551 3969 583 4016 ut
602 3960 665 4017 haec
684 3980 741 4018 non
762 3962 863 4020 codem
880 3961 1052 4019 labefactata
1066 3971 1144 4019 motu
1158 3950 1194 4005 ⁴⁵
