2658 4468
174 374 233 433 140
485 370 622 421 ORATIO
645 369 683 420 ΙΝ
705 370 744 419 Μ.
765 368 970 419 ANTONIUM.

222 513 346 574 simodo
368 514 588 585 hominessunt,
613 512 758 572 interdum
781 511 885 571 animis
907 511 1082 570 relaxantur.
1120 508 1204 573 Quod

223 604 320 651 autem
347 593 425 650 idem
445 592 610 665 praestitiam
641 611 736 650 meam
766 591 961 667 reprehendit,
990 589 1106 647 idem'
1095 609 1203 667 Jocum3

222 690 328 748 magno
342 682 511 748 argumento
524 681 577 742 est,
591 689 638 728 me
653 671 683 728 in
697 680 817 760 auoque
831 669 918 727 fuisse
931 669 1121 727 moderatum.

263 750 456 808 Hereditates
469 750 541 807 mihi
559 749 673 826 negasti
696 749 803 807 venire.
844 749 963 806 Utinam
987 747 1044 805 hcc
1067 757 1146 803 tuum
1164 766 1206 804 ve·

189 816 408 895 srumc'rimen
421 830 515 887 essetl
537 827 634 918 plures
655 827 742 885 amici
762 827 820 885 mei
843 836 872 885 et
895 826 1055 884 necessarii
1078 826 1204 883 viverent.

223 908 283 965 Sed
296 906 346 982 qui
360 908 436 966 istuc
449 908 502 965 tibi
526 907 604 965 venit
626 907 657 964 in
681 907 829 964 menteml
850 906 998 982 egoenim
1018 904 1139 979 amplius
1157 904 1205 961 HS

222 986 374 1045 ducenties
408 996 560 1062 acceptum
593 985 809 1043 hereditatibus
838 984 932 1042 retuli
973 983 1186 1071 Quanquam
1179 1003 1206 1040 m

223 1065 279 1123 hoc
302 1085 409 1143 genere
430 1066 519 1124 fateor
540 1064 697 1123 feliciorem
721 1083 784 1122 esse
798 1071 834 1121 te
876 1062 928 1120 Me
948 1081 1047 1151 uerno,
1069 1061 1124 1118 nisi
1144 1062 1206 1118 ami·

223 1162 286 1216 cus,
307 1145 377 1203 fecit
404 1146 557 1214 haeredem,
585 1153 626 1214 ut,
650 1162 718 1200 curn
738 1142 788 1200 illo
807 1142 968 1212 commodo,
990 1141 1016 1198 si
1047 1141 1205 1215 quoderat,

174 1217 209 1271 1⁰
223 1223 313 1280 animi
327 1224 443 1298 quidam
458 1222 559 1280 dolor
548 1232 736 1298 jungeretur:
756 1231 786 1278 te
809 1221 844 1291 is,
858 1239 944 1295 quem
968 1230 1000 1277 tu
1026 1219 1122 1276 vidisti
1141 1239 1206 1276 nun-

223 1319 319 1374 quam,
344 1301 378 1358 L.
403 1300 533 1358 Rubrius
557 1300 705 1390 Cassinas,
733 1299 802 1357 fecit
832 1300 986 1357 heredem.
1030 1298 1070 1355 Et
1099 1297 1205 1372 quidem

221 1379 298 1449 vide,
313 1378 399 1453 quam
422 1395 452 1437 te
476 1379 580 1436 amarit
600 1372 628 1433 is
631 1379 712 1453 ,qni,
728 1378 810 1435 albus
831 1388 927 1435 aterve
952 1377 1077 1448 fueris,
1069 1394 1204 1465 ignorans,

222 1424 318 1514 fratris
331 1457 421 1514 lilium
434 1457 590 1548 praeteriit3
610 1458 651 1518 Q.
666 1457 759 1527 Furii,
774 1456 967 1514 honestissimi
988 1455 1095 1531 equitis
1108 1455 1206 1511 Roma·

221 1534 253 1591 ni
255 1535 379 1610 ,suique
394 1535 559 1593 amicissimi
563 1555 671 1610 ,quem
684 1533 782 1625 paldm
806 1536 950 1593 haeredem
964 1554 1080 1610 semper
1101 1532 1164 1590 fact'
1146 1532 1204 1589 uta·

173 1622 208 1676 15
222 1623 276 1685 rat,
291 1633 328 1672 ne
341 1633 445 1673 nomen
460 1581 576 1690 quideni
589 1614 773 1690 perscripsit;
793 1623 833 1685 te,
857 1632 943 1689 quem
966 1631 1117 1688 nunquam
1138 1611 1206 1669 vido·

221 1702 276 1763 rat,
298 1711 334 1750 ac
350 1712 500 1783 nunquam
525 1694 707 1764 salutaverat,
736 1692 805 1751 fecit
828 1693 983 1750 haeredem.
1026 1691 1123 1749 Velim
1142 1688 1205 1746 mihi

222 1770 549 1843 dicas,nis1molestum
572 1781 625 1843 est,
647 1772 681 1830 L.
696 1772 849 1830 Turselius
863 1772 919 1846 qua
944 1771 1022 1829 facie
1042 1770 1135 1839 luerit,
1155 1768 1205 1857 qud

222 1817 342 1921 statuit,
357 1870 413 1925 quo
435 1850 603 1926 municipio,
618 1869 675 1925 qua
689 1850 774 1908 tribu.
816 1849 899 1908 Nihil
919 1849 992 1922 scic,
1014 1849 1136 1924 inquies,
1155 1845 1206 1905 nisi

222 1947 286 2002 que
299 1896 407 2004 priedia
420 1929 562 1987 habuerit.
604 1929 708 2006 lgitur,
723 1929 839 1987 fratrem
863 1896 1063 1999 exheredans,
1078 1937 1106 1984 te
1126 1925 1204 1983 facie·

171 2010 208 2065 20
224 2007 272 2063 bat
285 2008 438 2065 heredem.
479 2007 514 2065 In
529 2008 634 2064 multas
656 2018 796 2084 preterea
817 2008 957 2083 pecunias
972 1973 1204 2092 alienissimorum

222 2085 380 2157 hominum,
400 2086 501 2162 ejectis
523 2086 598 2144 veris
621 2086 793 2157 heredibus,
807 2097 944 2162 tanquam
958 2087 1053 2144 haeres
1067 2094 1149 2154 esset,
1168 2082 1204 2139 in·

221 2164 303 2222 rasit.
343 2165 522 2240 Quanquam
536 2167 592 2224 hoc
614 2163 740 2222 maxime
765 2132 922 2223 admiratus
945 2184 1022 2235 sum,
1037 2163 1203 2222 mentionem

221 2252 250 2300 ιιι
275 2244 474 2301 hereditatum
498 2262 600 2302 ausum
624 2263 687 2302 esse
711 2244 817 2316 facere,
842 2264 911 2302 cum
931 2243 994 2319 ipse
1014 2211 1224 2309 'haereditatem¹

220 2322 310 2397 patris
323 2342 380 2381 non
396 2322 513 2381 adisses.

170 2401 207 2455 25
260 2401 362 2459 XVII.
384 2402 459 2460 Haec
472 2412 505 2459 ut
518 2401 678 2478 colligeres,
702 2402 788 2460 homo
810 2400 1016 2472 amentissime,
1037 2409 1079 2460 tot
1098 2396 1202 2456 diesin

222 2479 317 2537 aliena
331 2481 398 2538 villa
412 2480 603 2538 declamastil
624 2499 789 2570 quanquam
802 2490 834 2537 ιιι
848 2481 975 2569 quidem,
1001 2480 1048 2556 (ut
1068 2479 1110 2536 tui
1130 2475 1203 2534 sami·

221 2557 366 2615 liarissimi
396 2559 544 2638 dictitant)
576 2558 635 2616 vini
658 2559 822 2630 exhalandi,
852 2579 910 2617 non
939 2558 1052 2634 ingenii
1077 2552 1201 2623 acuendi,

221 2638 321 2707 causa,
335 2637 513 2695 declamitas
555 2637 594 2694 Et
608 2636 675 2696 verb
691 2637 843 2709 adhibes,
832 2638 891 2714 Joci
915 2655 1014 2708 causa,
1030 2636 1201 2712 magistrum,

221 2714 357 2790 suffragio
369 2724 420 2772 tuo
433 2726 462 2772 et
485 2725 680 2790 compotorum
700 2726 824 2789 tuorum,
838 2717 997 2784 rhetorem,
1020 2716 1069 2773 cui
1093 2728 1201 2773 conces·

170 2801 207 2856 30
221 2792 293 2862 sisti,
315 2804 347 2849 ut
367 2793 397 2850 in
417 2802 456 2864 te,
477 2812 541 2867 quae
562 2794 656 2863 vellet,
678 2795 796 2852 diceret.
838 2796 953 2852 Salsum
980 2795 1099 2852 omnino
1120 2787 1201 2849 homi·

221 2872 307 2928 nem!
330 2871 380 2927 sed
401 2873 522 2929 materia
542 2871 636 2929 facilis
650 2882 703 2944 est,
718 2874 748 2930 in
771 2883 800 2931 te
813 2883 843 2931 et
867 2874 896 2931 in
917 2883 981 2931 tuos
1001 2873 1081 2931 dicta
1101 2871 1198 2928 dicere.

133 2982 138 2991 ι
221 2949 297 3006 Vide
312 2959 419 3020 autem,
433 2950 502 3025 quid
517 2950 590 3007 inter
605 2961 633 3008 te
647 2961 676 3009 et
700 2971 784 3009 avum
807 2962 890 3009 tuum
908 2951 1027 3010 intersit.
1070 2951 1124 3008 Ille
1142 2966 1200 3005 sen·

221 3027 275 3084 sim
289 3027 405 3085 dicebat
407 3029 505 3104 ,quod
519 3048 625 3087 causae.
628 3030 794 3105 prodesset;
815 3041 847 3088 tu
868 3031 975 3088 cursim
996 3031 1070 3088 dicis
1085 3030 1181 3086 aliena

260 3108 301 3164 At
315 3117 423 3180 quanta
436 3127 547 3166 merces
569 3108 676 3167 rhetori
699 3109 767 3166 data
790 3111 855 3167 estl
896 3109 1016 3180 Audite,
1032 3108 1137 3178 audite,
1152 3105 1199 3161 Pa-

168 3190 205 3245 35
219 3194 278 3243 tres
308 3186 488 3277 Conscripti3
519 3197 549 3246 et
569 3187 744 3277 cognoscite
774 3189 941 3263 reipublicae
972 3155 1099 3245 vulnera.
1139 3184 1199 3241 Duo

219 3265 338 3323 millia'
327 3270 468 3343 jugerum
482 3265 577 3342 campi
607 3265 743 3324 Leontini
770 3268 836 3324 Sex.
861 3267 965 3325 Clodio
984 3265 1091 3325 rhetori
1118 3262 1198 3336 assig-

218 3345 304 3416 nasti,
319 3355 348 3403 et
368 3345 515 3421 quidem'
508 3345 657 3416 immunia,
672 3355 713 3415 ut,
733 3364 785 3420 pro
804 3346 885 3403 tanta
906 3346 1050 3417 mercede,
1070 3343 1140 3403 nihil
1160 3358 1198 3396 sa·

217 3441 287 3497 pere
297 3391 437 3482 disceres
479 3423 560 3481 Num
580 3425 668 3481 etiarn
689 3425 754 3494 hoc,
769 3425 854 3482 homo
868 3425 1069 3494 audacissime,
1085 3441 1121 3480 ex
1139 3420 1197 3477 Οιι-

219 3502 291 3559 saris
311 3503 546 3561 commentariisl
596 3503 653 3560 Sed
681 3503 777 3560 dicam
799 3503 855 3561 alio
873 3503 938 3561 loco
957 3513 987 3561 et
1007 3504 1044 3561 de
1063 3470 1197 3559 Leontino

168 3577 204 3632 40
219 3598 291 3670 agro
308 3592 337 3638 et
357 3582 394 3639 de
414 3582 583 3656 Campan03
613 3600 684 3672 quos
704 3582 758 3639 iste
779 3600 872 3671 agros,
895 3592 1008 3657 ereptos
1027 3578 1195 3667 reipublice,

217 3658 388 3733 turpissimis
417 3660 625 3750 possessoribus
654 3660 822 3735 inquinavit
863 3660 930 3718 Jam
961 3660 1049 3732 enirn,
1070 3655 1196 3734 quoniam

218 3736 428 3795 criminibus
403 3758 465 3814 ejus
479 3739 548 3796 satis
561 3738 704 3815 respondi,
719 3739 777 3797 de
770 3757 832 3815 ipso
845 3741 1030 3798 emendatore
1043 3749 1072 3796 et
1092 3751 1195 3794 correc-

216 3823 279 3871 tore
298 3826 394 3874 nostro
414 3817 546 3890 quaedam
566 3817 691 3876 dicenda
711 3827 795 3877 sunt:
823 3837 880 3877 nec
900 3819 979 3877 enim
998 3818 1094 3878 omnia
1113 3812 1195 3872 effun-
