2702 4464
133 339 174 398 ‘28
372 340 508 390 ORATIO
530 339 579 389 111.
602 337 640 387 IN
663 339 693 387 1.·.
717 338 928 387 CATILINAM.

187 480 406 557 aruspicumque
419 482 570 558 responsis,
585 500 616 538 se
630 501 692 538 esse
705 482 822 538 tertium
836 480 916 537 illum
934 478 1111 550 Cornelium,
1126 479 1163 536 ad

186 577 271 633 quem
290 579 410 636 regnum
431 561 517 635 hujus
536 559 623 617 Urbis
644 570 729 634 atque
749 558 899 634 imperium
919 559 1068 633 pervenire
1088 569 1163 614 esset

186 656 322 694 necesse:
344 639 469 696 Cinnam
485 648 550 695 ante
564 657 595 694 se
609 647 638 694 et
657 637 767 695 Sullam
781 637 887 694 fuisse:
908 636 1089 709 eundemque
1103 637 1163 692 dix-

187 715 252 784 isse,
265 716 380 774 fatalem
391 718 469 773 hunc
483 736 547 774 esse
561 735 668 773 annum
680 717 715 772 ad
727 715 874 773 interitum
885 715 970 790 hujus
980 713 1067 771 Urbis
1078 724 1163 788 atque

151 793 193 844 5
187 795 308 868 imperii,
323 795 372 869 qui
386 806 461 853 esset
475 795 606 852 decimus
617 814 709 852 annus
719 805 782 884 post
791 794 935 883 virginum
946 793 1162 862 absolutionem,

185 882 248 946 post
268 873 402 949 Capitolii
424 883 519 931 autem
541 873 737 930 incensionem
757 873 919 930 vicesimus
961 871 1048 928 Hanc
1067 880 1163 927 autem

186 951 316 1027 Cethego
338 971 404 1009 cum
431 953 543 1009 caeteris
570 953 791 1009 controversiam
815 951 903 1008 fuisse
922 950 1065 1019 dixerunt,
1086 947 1163 1023 qudd

187 1028 310 1087 Lentulo
328 1041 357 1088 et
379 1031 452 1101 aliis,
468 1031 577 1090 oaedem
592 1031 794 1088 Saturnalibus
813 1029 875 1086 fieri
877 1038 986 1102 ,atque
999 994 1129 1085 Urbem
1123 1047 1164 1084 m·

187 1109 271 1165 cendi
275 1110 440 1185 ,placeret3
463 1109 635 1197 Cethego
606 1107 729 1166 mmirim
743 1109 772 1165 id
786 1074 904 1184 longuin
917 1108 1041 1164 videris
1051 1098 1067 1147 f

84 1142 117 1255 Ἰ
136 1185 169 1238 10
225 1187 261 1245 V.
304 1190 361 1258 Ac,
372 1188 593 1263 nelongumsit,
603 1185 745 1255 Quirites,
756 1188 877 1244 tabellas
890 1186 1008 1261 proferri
1016 1162 1163 1261 jbssimus,

187 1284 249 1338 quae
265 1285 281 1322 a
295 1285 406 1339 quoque
421 1231 593 1322 dicebantur
605 1265 687 1320 datae.
727 1264 856 1323 Primum
869 1264 1046 1321 ostendimus
1060 1263 1164 1320 Cethe·

186 1344 364 1418 gosignum:
386 1342 526 1419 cognovit
558 1342 620 1399 Nos
633 1343 725 1399 linum
739 1343 910 1399 incidimus:
930 1342 1061 1418 legimus
1093 1340 1164 1398 Erat

186 1422 324 1497 scriptum
345 1422 433 1496 ipsius
453 1439 541 1477 manu
568 1420 757 1496 Allobrogum
777 1420 890 1477 senatui
910 1428 939 1476 et
958 1419 1069 1495 populo,
1091 1439 1162 1489 sese,

187 1516 250 1588 quae
270 1518 368 1556 eorum
388 1500 491 1576 legatis
518 1499 725 1569 confirmasset,
746 1519 809 1556 esse
830 1499 989 1555 facturum:
1020 1517 1111 1566 orare,
1132 1507 1164 1554 ut

136 1590 169 1642 15
188 1578 255 1634 item
271 1578 311 1634 illi
326 1578 464 1648 facerent,
479 1597 542 1652 quae
563 1577 619 1633 sibi
638 1544 726 1653 legati
747 1596 846 1635 eorum
860 1576 1042 1664 recepissent
1084 1575 1164 1632 Tum

187 1655 344 1733 Cethegus,
354 1676 403 1730 qur
395 1655 499 1732 paulo
512 1654 578 1712 ante
591 1656 698 1729 aliquid
709 1655 745 1712 de
759 1655 862 1732 gladiis
877 1674 911 1711 ac
925 1654 993 1710 sicis
996 1672 1078 1727 ,quae
1089 1655 1163 1730 apud

188 1735 280 1809 ipsum
294 1744 375 1792 erant
389 1736 583 1810 deprehensae,
598 1734 799 1809 respondisset,
813 1733 997 1806 dixissetque,
1009 1751 1040 1789 se
1054 1751 1164 1807 semper

187 1813 325 1870 bonorum
356 1814 591 1870 ferramentorum
621 1812 780 1869 studiosum
809 1812 906 1882 fuisse,
927 1811 1055 1868 recitatis
1075 1811 1165 1867 literis

188 1892 352 1949 debilitatus
380 1902 465 1965 atque
493 1890 632 1966 abjectus,
660 1890 838 1948 conscientia
865 1889 1022 1960 convictus,
1047 1888 1164 1964 repente

135 1980 170 2033 20
188 1970 336 2027 conticuit.
357 1982 362 2005 ¹

227 2049 411 2106 Introductus
423 2048 553 2106 Statilius
565 2047 697 2124 cognovit
707 2047 821 2124 signum
829 2057 858 2105 et
866 2066 984 2104 manum
994 2064 1084 2104 suam.
1106 2046 1166 2104 Re·

188 2129 282 2185 citatae
297 2138 363 2184 sunt
377 2127 489 2184 tabellae
498 2127 528 2184 in
537 2127 658 2184 eandem
673 2125 733 2184 fere
745 2126 933 2183 sententiam:
955 2126 1103 2183 confessus
1112 2134 1164 2183 est.

227 2206 306 2262 Tum
326 2205 437 2264 ostendi
457 2206 578 2262 tabellas
598 2205 737 2275 Lentulo;
758 2214 788 2262 et
801 2205 927 2278 quesivi,
942 2214 1166 2281 cognosceretne

188 2285 310 2361 signum.
352 2285 473 2342 Annuit.
516 2283 568 2341 Est
581 2283 659 2354 verb,
675 2285 811 2378 inquam,
819 2284 933 2360 signum
947 2293 1057 2354 notum,
1072 2283 1166 2359 imago
1238 2300 1239 2304 ’

135 2373 171 2426 25
189 2365 232 2421 avi
244 2364 296 2434 tui,
308 2363 497 2420 clarissimi'
473 2363 526 2420 vrri
528 2363 596 2437 ,qui
611 2363 716 2420 amavit
727 2360 813 2419 unice
824 2363 945 2438 patriam
956 2372 985 2420 et
995 2362 1073 2420 cives
1083 2381 1165 2431 suos;

188 2462 251 2517 quae
266 2410 381 2516 qiridem
394 2452 423 2499 te
437 2461 454 2498 a
468 2451 549 2500 tanto
561 2443 679 2513 scelere,
694 2442 782 2499 etiam
798 2451 888 2513 muta,
903 2461 1036 2500 revocare
1056 2441 1165 2498 debuit

188 2522 337 2598 Leguntur
351 2520 453 2578 eitdem
463 2521 573 2578 ratione
585 2522 620 2577 ad
635 2532 766 2578 senatum
777 2521 965 2597 Allobrogum
974 2520 1166 2595 populumque
1232 2519 1240 2524 ’

187 2600 294 2657 literae.
315 2600 339 2656 si
360 2600 448 2694 quid
450 2600 485 2656 de
507 2600 551 2656 his
572 2600 658 2657 rebus
678 2600 776 2657 dicere
796 2599 890 2669 vellet,
912 2598 968 2655 feci
987 2607 1165 2672 potestatem.

189 2680 285 2768 Atque
300 2679 347 2736 ille
360 2676 452 2753 primo
467 2678 583 2769 quidem
597 2679 731 2754 negavit:
751 2677 816 2753 pbst
830 2687 926 2734 autem
941 2674 1097 2748 aliquantb,
1108 2685 1168 2732 toto

135 2757 195 2817 30
185 2778 245 2833 Jem
266 2757 373 2814 indicio
391 2757 517 2846 exposito
523 2767 616 2847 'atque
630 2757 716 2825 edito,
731 2755 868 2812 surrexit:
890 2753 1020 2828 quaesivit
1034 2772 1051 2809 a
1064 2754 1165 2823 Gallis,

188 2837 256 2926 quid
271 2836 325 2892 sibi
340 2846 415 2893 esset
429 2855 496 2893 cum
511 2836 563 2892 iis:
585 2835 770 2909 quamobrem
784 2833 899 2889 domum
914 2850 995 2888 suam
1005 2832 1165 2901 venissent3

189 2925 314 2989 itemque
336 2934 352 2971 a
372 2914 533 2972 Volturcio
574 2914 637 2975 Qui
658 2910 726 2971 crim
747 2912 789 2969 illi
809 2911 932 2968 breviter
946 2920 1167 2984 constanterque

188 2994 408 3069 respondissent,
422 3013 472 3069 per
486 3012 572 3068 quem
587 2993 623 3049 ad
641 3010 708 3048 eum
711 2990 910 3065 ,quotiesque‚
924 2989 1077 3058 venissent,
1093 3008 1167 3063 quae·

189 3072 348 3145 sissentque
364 3073 456 3142 abeo,
471 3073 581 3129 nihilne
596 3090 696 3128 secum
709 3079 785 3127 asset
798 3070 834 3126 de
849 3068 914 3125 fatis
928 3068 1077 3142 Sibyllinis
1090 3069 1167 3125 locu·

136 3155 172 3208 35
189 3161 252 3219 tus;
274 3161 335 3207 tum
350 3150 397 3207 ille
412 3118 642 3220 subnascente
662 3150 791 3218 demens,
806 3156 913 3239 quanta
927 3146 1111 3203 conscientia
1126 3146 1167 3202 vis

189 3239 273 3299 esset,
286 3229 419 3286 ostendit.
461 3195 548 3299 Nain,
561 3246 628 3285 cum
640 3228 669 3284 rd
678 3236 773 3302 posset
784 3225 917 3296 mhcrarr,
928 3223 1056 3300 repente
1067 3235 1167 3301 praeter

188 3309 350 3398 opinionem
370 3307 508 3377 omnium,
524 3305 671 3364 confessus
690 3315 752 3362 est:
774 3305 814 3362 ita
828 3322 905 3375 eum,
919 3323 976 3361 non
990 3303 1096 3360 modd
1090 3323 1169 3379 mge-

189 3387 269 3444 nium
284 3386 363 3456 illud,
378 3396 408 3443 at
420 3386 537 3443 dicendi
551 3384 729 3453 exercitatio,
744 3383 801 3457 qua
815 3401 925 3458 semper
939 3382 1038 3452 valuit,
1053 3383 1104 3439 sed
1118 3382 1169 3439 eti-

190 3485 246 3535 arn,
266 3475 378 3542 propter
399 3465 455 3521 vim
476 3463 593 3521 sceleris
613 3462 758 3519 manifesti
780 3471 864 3536 atque
885 3461 1086 3536 deprehensi,
1080 3480 1169 3537 rmpu-

137 3545 172 3599 40
190 3511 297 3613 dantia,
312 3562 368 3632 qua
383 3543 534 3617 superabat
546 3560 656 3611 omnes,
671 3540 902 3615 improbitasque,
917 3540 1032 3597 defecit.

229 3623 300 3680 Vult
289 3621 399 3679 turcius
418 3619 486 3678 verd
505 3618 600 3676 subito
614 3619 733 3694 proferri
747 3619 845 3676 literas
860 3629 945 3693 atque
961 3618 1063 3693 aperiri
1074 3617 1167 3693 jussit,

190 3721 261 3776 quas
275 3701 329 3757 sibi
345 3719 361 3756 a
376 3699 499 3756 Lentulo
513 3699 549 3755 ad
563 3698 815 3755 Catilinamdatas
829 3717 892 3754 esse
906 3697 1029 3754 dicebat.
1071 3696 1169 3785 Atque

190 3780 230 3836 ibi
251 3776 501 3836 vehementissime
521 3787 584 3853 pert
573 3776 703 3833 turbatus
724 3777 875 3846 Lentulus,
889 3786 986 3835 tamen
1006 3784 1035 3831 et
1055 3775 1170 3863 signum

190 3878 274 3916 suum
285 3867 313 3914 et
323 3875 442 3914 manum
453 3855 594 3932 cognovit
637 3854 729 3912 Erant
737 3865 834 3913 autem
844 3854 957 3929 scripte
970 3871 1034 3910 sme
1043 3871 1169 3923 nomme,
1250 3914 1253 3917 ,
