2658 4468
393 384 532 435 ORATIO
554 385 625 435 PRO
647 386 789 436 ARCHIA
812 384 940 437 POETA.
1149 389 1192 449 97

139 528 242 588 natur.
283 529 319 587 ln
337 530 442 586 coelum
466 528 551 604 bajus
569 548 691 604 proavus
710 529 785 587 Cato
804 530 931 588 tollitur:
952 549 1075 608 magnus
1088 532 1138 590 ho·

148 629 201 668 nos
220 611 314 699 populi
342 609 469 665 Romani
497 609 583 664 rebus
604 609 776 684 adjungitur.
817 608 929 666 Omnes
949 611 1073 685 denique
1094 610 1136 668 illi

149 687 281 758 Maximi,
302 686 445 757 Marcelli,
467 686 572 757 Fulvii,
593 705 651 744 non
672 688 734 744 sine
755 689 901 745 communi
919 689 1051 746 omnium
1071 708 1136 747 nos·

148 766 225 823 trdm
238 767 324 823 laude
337 766 518 822 decorantur.

188 845 226 901 X.
261 845 339 921 Ergo
358 844 450 915 illum,
464 844 513 917 qui
533 844 597 901 haec
617 843 735 915 fecerat,
753 843 886 901 Rudium
906 845 1062 918 hominem,
1076 865 1136 904 ma·
1170 855 1190 910 5

147 923 221 999 joras
235 924 323 981 nostri
334 924 364 980 in
375 922 520 979 civitatem
529 933 718 997 receperunt;
740 943 792 981 nos
806 923 884 980 hunc
898 923 1134 996 Heracleensem,

148 1003 245 1059 multis
265 1002 429 1059 civitatibus
449 1000 616 1075 expetitum,
638 1002 668 1058 in
696 1002 752 1059 hac
780 1011 876 1058 autem
899 1001 1012 1079 legibus
1032 1005 1136 1061 consti·

147 1091 251 1151 tutum,
267 1081 303 1137 de
317 1080 412 1137 nostri
427 1079 543 1136 civitate
556 1080 728 1154 ejiciemusl

188 1159 276 1229 Nam,
287 1160 312 1215 si
325 1159 389 1234 quis
402 1158 541 1215 minorem
555 1157 652 1233 gloriae
667 1158 792 1215 fructum
805 1168 887 1235 putat
901 1177 937 1215 ex
949 1160 1062 1217 Graecis
1075 1180 1136 1217 ver·

148 1239 227 1295 sibus
245 1239 364 1314 percipi,
378 1235 464 1312 qudm
479 1255 515 1292 ex
534 1235 656 1306 Latmia,
670 1238 854 1294 vehementer
874 1247 967 1306 errat;
988 1249 1136 1315 propterea
1155 1246 1189 1299 10

146 1315 223 1392 quaid
244 1318 348 1374 Graeca
367 1317 501 1391 leguntur
522 1313 552 1370 in
572 1315 705 1371 omnibus
719 1314 779 1372 fere
799 1316 942 1392 gentibus,
957 1316 1063 1375 Latina
1076 1319 1136 1374 suis

147 1396 263 1465 finibus,
284 1396 396 1471 exiguis
416 1391 497 1463 sane,
519 1392 711 1450 continentur.
750 1393 863 1465 Quare,
885 1395 909 1451 si
929 1415 975 1452 res
996 1397 1050 1467 hae,
1064 1415 1135 1471 quas

147 1475 298 1550 gessimus,
318 1474 396 1531 orbis
424 1482 508 1528 terrae
536 1471 701 1546 regionibus
731 1472 922 1542 definiuntur;
951 1494 1058 1550 cupere
1087 1475 1135 1531 de-

148 1554 258 1622 bemus,
272 1551 329 1628 qud
344 1569 482 1608 manuum
496 1559 657 1607 nostrarum
678 1551 736 1607 tela
754 1552 945 1626 pervenerint,
959 1552 1062 1610 eddam
1076 1553 1135 1629 glo-

147 1631 219 1687 riam
230 1631 393 1706 famamque
402 1638 553 1705 penetrare
564 1648 571 1697 ;
592 1627 670 1703 qubd
681 1627 749 1685 clam
761 1629 829 1704 ipsis
837 1631 957 1706 populis,
969 1632 1005 1688 de
1014 1650 1134 1706 quorum
1155 1628 1188 1682 15

148 1710 233 1765 rebus
253 1710 398 1778 scribitur,
413 1709 477 1764 haec
498 1707 592 1782 ampla
612 1716 679 1763 sunt
688 1727 696 1777 3
717 1718 779 1763 tum
800 1707 835 1764 iis
849 1708 938 1780 certe,
952 1710 1051 1784 quide
1065 1709 1133 1780 vita,

149 1788 244 1863 gloriae
265 1788 364 1858 causa,
385 1784 535 1856 dimicant,
550 1786 606 1842 hoc
625 1785 783 1843 maximum
803 1796 832 1843 et
850 1787 1043 1864 periculorum
1063 1788 1135 1845 inci·

148 1876 306 1922 tomentum
320 1876 374 1935 est,
387 1874 417 1921 et
430 1864 569 1922 laborum.
1080 1917 1087 1926 ,

188 1943 287 2004 Quam
307 1945 410 2001 multos
430 1943 583 2018 scriptores
602 1961 698 1999 rerum
712 1961 829 1999 suarum
843 1962 965 2021 magnus
978 1945 1027 2002 ille
1047 1944 1135 2002 Alex·

153 2022 241 2078 ander
260 2041 359 2078 secum
379 2022 514 2079 habuisse
535 2021 659 2078 dicitur!
693 2022 789 2096 Atque
802 2022 828 2078 is
841 2031 948 2095 tamen,
962 2022 1030 2081 clun
1045 2025 1075 2081 in
1090 2024 1135 2081 Si·
1152 2030 1189 2084 20

151 2120 206 2176 geo
227 2101 262 2158 ad
283 2101 406 2157 Achillis
425 2100 567 2157 tumulum
589 2099 753 2171 adstitisset,
774 2099 832 2157 “O
845 2102 1015 2174 fortunate,”
1031 2103 1134 2178 inquit,

151 2186 170 2211 “
183 2179 359 2249 adolescens,
385 2179 434 2253 qui
459 2187 516 2234 tuae
545 2178 658 2235 virtutis
685 2179 845 2237 Homerum
870 2200 1032 2256 preconem
1058 2182 1135 2239 iuve-

150 2258 264 2316 nerisl'’
300 2256 339 2313 Et
357 2255 443 2315 vere:
467 2276 545 2328 nam,
565 2256 622 2314 nisi
642 2256 713 2314 Ilias
732 2257 783 2315 illa
802 2259 973 2329 exstitisset;
995 2260 1072 2317 idem
1091 2269 1135 2315 tu-
1176 2296 1181 2305 ·

148 2337 256 2406 mulus,
276 2334 325 2411 qui
345 2354 447 2411 corpus
466 2335 527 2409 ejus
547 2346 722 2408 contexerat,
743 2355 846 2394 nomen
874 2338 962 2394 etiam
984 2337 1133 2394 obruisset.

148 2415 256 2475 Quidt
284 2424 379 2471 noster
399 2414 447 2471 hic
467 2412 602 2490 Magnus,
616 2416 666 2490 qui
687 2433 755 2472 cum
774 2415 879 2472 virtute
899 2417 1042 2473 fortunam
1064 2416 1136 2472 adae·
1152 2423 1189 2474 25

150 2494 257 2567 quavit,
279 2512 374 2550 nonne
394 2491 601 2568 Theophanem
621 2492 831 2568 Mitylenaeum,
852 2494 1019 2569 scriptorem
1039 2513 1134 2550 rerum

151 2590 278 2641 suarum,
293 2571 323 2628 in
344 2571 483 2628 concione
502 2572 636 2641 militum,
651 2572 767 2629 civitate
785 2572 922 2629 donavitl
949 2582 978 2630 et
991 2573 1079 2630 nostri
1094 2572 1135 2630 illi

152 2649 238 2706 fortes
257 2650 320 2720 viri,
340 2651 390 2706 sed
411 2649 511 2707 rustici
533 2669 568 2708 ac
588 2650 706 2720 milites,
720 2650 874 2708 dulcedine
894 2651 1018 2726 quddam
1039 2651 1135 2727 gloriae

152 2729 295 2798 commoti,
314 2729 394 2803 quasi
414 2724 569 2804 participes
589 2728 717 2803 ejusdem
737 2729 841 2801 laudis,
862 2749 967 2807 magno
987 2731 1057 2789 illud
1078 2731 1136 2787 cla·

149 2824 227 2864 more
242 2808 487 2883 approbaveruntl
1153 2811 1189 2866 30

188 2884 299 2960 Itaque,
312 2885 428 2963 (credo)
441 2886 465 2943 si
476 2884 548 2942 civis
559 2884 710 2943 Romanus
720 2885 847 2943 Archias
856 2886 968 2963 legibus
978 2906 1035 2945 non
1050 2897 1134 2959 esset,

149 2973 181 3019 ut
195 2964 231 3020 ab
246 2965 341 3039 aliquo
361 2965 532 3040 imperatore
553 2963 669 3021 civitate
690 2965 852 3037 donaretur,
866 2967 1004 3042 perficere
1018 2986 1075 3024 non
1088 2986 1132 3042 po

149 3042 211 3099 tuit.
253 3044 344 3113 Sulla,
359 3061 428 3100 cum
449 3042 595 3117 Hispanos
614 3053 643 3099 et
663 3043 762 3100 Gallos
782 3044 911 3115 donaret,
927 3045 1041 3122 (credo)
1057 3046 1136 3101 bunc

125 3156 127 3159 .
148 3131 293 3195 petentem
313 3121 510 3197 repudiasset:
531 3140 616 3195 quem
637 3141 689 3178 nos
710 3121 738 3179 in
760 3122 900 3181 concione
919 3124 1053 3193 vidimus,
1067 3121 1134 3180 clim

148 3199 177 3255 ei
191 3199 319 3257 libellum
334 3199 427 3256 malus
439 3204 526 3274 poeta
539 3200 575 3256 de
589 3200 691 3275 populo
711 3200 891 3276 subjecisset,
905 3201 983 3275 qudd
997 3202 1136 3277 epigram-
1153 3208 1189 3262 35

142 3295 198 3334 ana
207 3277 237 3335 in
248 3297 313 3335 eum
326 3278 443 3335 fecisset
453 3280 649 3335 tantummodo
663 3279 779 3337 alternis
789 3279 918 3336 versibus
938 3279 1135 3354 longiusculis,

150 3356 246 3412 statim
260 3376 296 3413 ex
309 3356 345 3413 iis
364 3357 460 3427 rebus,
475 3376 546 3431 quas
566 3359 807 3427 tuncfvendebat,
819 3357 920 3432 jubere
940 3357 968 3413 ei
987 3357 1136 3431 premium

150 3434 246 3504 tribui,
268 3435 321 3491 sub
348 3434 383 3492 ed
407 3435 580 3505 conditione,
601 3437 728 3510 nequid
755 3446 854 3511 postea
884 3435 1030 3492 scriberet.
1071 3430 1135 3496 Qui

150 3512 332 3570 sedulitatem
345 3513 414 3570 mali
426 3518 518 3590 poetae
533 3514 647 3570 duxerit
661 3513 755 3589 aliquo
768 3524 865 3570 tamen
877 3512 995 3588 praemio
1007 3514 1135 3590 dignam,

150 3589 234 3666 hujus
248 3591 397 3667 ingenium
411 3602 440 3650 et
454 3593 586 3650 virtutem
601 3593 630 3649 in
649 3591 802 3649 scribendo
815 3599 844 3647 et
857 3591 969 3668 copiam
983 3612 1039 3650 non
1054 3612 1132 3669 expe·
1158 3599 1189 3653 to

149 3667 252 3726 tissetl
285 3670 390 3731 Quidl
420 3690 437 3728 a
454 3672 495 3732 Q.
512 3668 631 3729 Metello
644 3671 707 3740 Pio,
722 3669 945 3728 familiarissimo
958 3690 1019 3742 suo,
1033 3672 1081 3747 qui
1096 3673 1134 3729 ci·

149 3748 237 3806 vitate
260 3750 364 3806 multos
388 3750 513 3821 donavit,
535 3769 629 3824 neque
651 3769 702 3825 per
726 3768 766 3820 se,
790 3768 885 3824 neque
910 3769 960 3826 per
987 3751 1135 3816 Lucullos,

151 3825 377 3904 impetravissetl
398 3830 447 3903 qui
467 3829 624 3907 presertim
644 3847 734 3904 usque
755 3827 790 3886 ed
812 3829 848 3887 de
868 3829 928 3887 suis
948 3832 1034 3890 rebus
1047 3831 1136 3890 scrib»
