2702 4464
163 332 205 391 24
434 327 571 378 ORATIO
593 328 629 377 II.
651 327 690 377 IN
712 327 743 376 L
765 326 979 378 CATILINAM.

215 472 261 530 Ex
282 473 338 529 hac
364 472 443 529 enim
462 481 543 547 parte
564 471 655 547 pudor
680 476 810 547 pugnat,
822 470 903 528 illinc
929 469 1103 546 petulantia;
1124 470 1194 528 hinc

214 551 364 626 pudicitia,
380 551 460 607 illinc
482 560 627 624 stuprum;
649 549 719 606 hinc
738 549 820 619 fides,
842 549 923 606 illinc
945 549 1103 619 fraudati03
1125 550 1194 606 hinc

214 630 316 704 pietas,
331 629 411 685 illinc
427 628 538 696 scelus3
553 628 630 701 ⁴hinc
651 627 822 697 constantia,
838 627 918 684 illinc
940 627 1034 696 suror;
1056 628 1125 685 hinc
1146 628 1194 684 ho-

215 718 321 777 nestas,
331 707 411 764 illinc
419 705 580 780 turpitud03
591 705 659 763 hinc
668 706 855 775 continentia,
865 705 946 762 illinc
954 705 1057 763 libido:
1068 706 1194 780 denique

182 786 344 860 5aequitas,
367 784 566 859 temperantia,
589 784 733 854 fortitudo,
754 783 916 859 prudentia,
938 784 1057 841 virtutes
1082 803 1192 854 omnes,

215 874 328 920 certant
341 881 409 923 cum
432 862 593 937 iniquitate,
607 880 674 919 cum
696 861 820 932 luxurii,
835 881 902 919 cum
925 862 1050 938 ignavid,
1065 880 1132 919 cum
1153 872 1194 919 te·

215 942 356 1012 meritate‚
372 958 439 998 cum
453 941 529 996 vitiis
542 939 691 996 omnibus:
712 938 865 1015 postremi»,
880 941 968 1016 copiae
978 959 1045 997 cum
1054 952 1191 1017 egestate,

215 1020 290 1077 bona
304 1020 377 1077 ratio
390 1037 457 1075 cum
470 1018 592 1094 perditi,
606 1037 688 1075 mens
701 1037 772 1075 sana
786 1037 853 1075 cum
874 1018 1011 1089 amentid,
1027 1019 1100 1076 bona
1113 1019 1193 1076 deni-

215 1118 271 1172 que
298 1117 361 1174 spes
384 1115 451 1154 cum
471 1096 600 1155 omnium
621 1114 718 1153 rerum
739 1097 947 1173 desperatione,
970 1096 1106 1172 confligit.
1156 1096 1191 1154 In

166 1181 200 1233 10
216 1176 377 1252 hujusmodi
391 1175 550 1233 certamine
572 1193 607 1231 ac
628 1175 737 1249 proelio,
760 1195 865 1245 nonne,
887 1175 975 1232 etiam
997 1175 1022 1232 si
1044 1175 1191 1232 hominum

215 1256 311 1311 studia
324 1254 470 1323 deficiant,
480 1252 530 1309 Dii
544 1252 598 1327 ipsi
613 1252 787 1309 immortales
802 1262 915 1329 cogent,
926 1252 962 1310 ab
976 1253 1021 1309 his
1033 1254 1191 1328 preclaris·

215 1333 296 1389 simis
309 1331 471 1401 virtutibus,
485 1340 526 1387 tot
539 1340 569 1387 et
582 1339 662 1386 tanta
676 1330 745 1387 vitia
758 1331 907 1405 superarit

254 1410 327 1467 XII.
355 1409 432 1471 Qua
455 1406 523 1466 clim
551 1409 589 1465 ita
617 1408 684 1478 sint,
704 1407 848 1479 Quirites,
870 1427 929 1479 vos,
951 1409 1191 1482 quemadmodum

235 1508 280 1546 am
295 1499 389 1558 antea,
403 1498 497 1545 vestra
509 1496 588 1544 tecta
601 1487 738 1543 custodiis
751 1486 913 1562 vigiliisque
926 1487 1088 1544 defendite:
1109 1488 1191 1558 mihi,

167 1576 201 1629 15
216 1579 248 1624 ut
261 1567 342 1637 Urbi,
361 1567 424 1624 sine
445 1576 538 1623 vestro
558 1576 637 1622 motu
660 1583 695 1621 ac
714 1565 778 1621 sine
800 1565 858 1622 ullo
879 1564 1013 1635 tumultu,
1028 1566 1097 1622 satis
1117 1577 1193 1623 esset

214 1646 350 1722 praesidii,
365 1645 527 1702 consultum
541 1662 577 1700 ac
597 1644 739 1719 provisum
761 1653 813 1700 est.
855 1643 959 1701 Coloni
980 1662 1080 1700 omues
1099 1645 1192 1701 muni·

217 1725 350 1799 cipesque
364 1723 459 1793 vestri,
469 1723 606 1780 certiores
621 1741 637 1778 a
651 1740 698 1778 me
712 1722 781 1778 facti
791 1722 827 1779 de
841 1722 898 1778 hac
910 1722 1051 1779 nocturni
1066 1722 1192 1779 excursi-

215 1820 271 1860 one
284 1801 428 1871 Catilina,
439 1798 524 1858 facile
539 1801 625 1857 urbes
639 1819 706 1856 suas
719 1801 847 1874 finesque
861 1799 1033 1857 defendent:
1054 1799 1191 1876 gladiato·

216 1900 272 1951 res,
295 1900 382 1955 quam
409 1880 463 1936 sibi
486 1879 534 1936 ille
556 1879 711 1935 maximam
734 1896 852 1935 manum
874 1889 903 1935 et
925 1878 1114 1936 certissimam
1132 1879 1192 1935 fore

165 1974 202 2028 20
215 1960 334 2035 putavit,
350 1959 527 2033 (quanquam
541 1957 658 2014 meliore
673 1956 768 2014 auimo
784 1966 860 2027 sunt,
874 1953 961 2031 quim
981 1975 1047 2032 pars
1060 1956 1192 2031 patricio-

216 2039 293 2114 rum)
310 2047 450 2113 potestate
471 2046 568 2093 tamen
590 2034 687 2092 nostra
709 2034 940 2092 continebuntur.
980 2034 1021 2095 Q.
1044 2032 1190 2105 Metellus,

216 2135 301 2191 quem
310 2135 373 2192 ego,
381 2115 557 2191 prospiciens
571 2114 636 2184 hoc,
646 2114 676 2170 iu
691 2132 792 2189 agrum
801 2113 985 2171 Gallicanum
993 2112 1191 2186 Picenumque

213 2193 348 2270 praemisi,
378 2203 426 2251 aut
452 2192 591 2269 opprimet
618 2191 773 2262 hominem,
802 2202 851 2249 aut
876 2209 976 2248 omnes
1004 2191 1066 2265 ejus
1098 2200 1191 2247 motus

215 2282 390 2348 conatusque
398 2271 567 2348 prohibebit.
588 2270 723 2345 Reliquis
733 2280 827 2327 autem
837 2270 965 2326 derebus
974 2269 1190 2339 constituendis
1220 2287 1221 2291 ¹

165 2367 201 2420 25
216 2352 402 2422 maturandis,
418 2349 614 2427 agendis,ja1n
629 2350 666 2406 ad
679 2358 811 2406 senatum
819 2347 986 2419 referemus,
996 2365 1081 2422 quem
1095 2347 1190 2405 vocari

215 2431 327 2486 videtis.

255 2508 344 2566 Nunc
359 2508 430 2577 illos,
444 2507 493 2582 qui
508 2506 537 2563 iu
550 2504 630 2562 Urbe
638 2513 846 2572 remanserunt,
857 2514 941 2577 atque
951 2503 1023 2560 aded
1033 2503 1082 2577 qui
1091 2513 1191 2560 contra

215 2585 302 2643 Urbis
315 2587 435 2642 salutem
449 2584 634 2657 omniumque
647 2583 782 2651 vestrum,
793 2582 821 2638 in
831 2581 909 2638 Urbe
925 2601 941 2638 a
955 2580 1083 2638 catilina
1097 2581 1190 2637 relicti

216 2673 292 2733 sunt,
314 2681 477 2738 quanquam
499 2670 565 2717 sunt
587 2661 691 2729 hostes,
714 2669 821 2728 tamen,
843 2659 911 2734 quia
932 2659 992 2716 nati
1014 2668 1080 2714 sunt
1102 2659 1189 2727 cives,

166 2745 202 2799 30
217 2742 337 2798 monitos
351 2741 437 2797 etiam
453 2749 537 2813 atque
558 2738 645 2793 etiam
666 2737 737 2793 volo.
778 2735 848 2793 Mea
869 2737 973 2794 leuitas
995 2736 1090 2791 adhuc
1103 2736 1127 2791 si
1142 2737 1190 2793 cui

217 2819 332 2876 solutior
346 2819 407 2874 visa
420 2827 473 2885 est,
488 2817 543 2873 hoc
564 2815 748 2891 exspectavit,
762 2824 794 2870 ut
816 2815 855 2883 id,
870 2816 945 2889 quod
966 2813 1084 2882 latebat,
1098 2832 1191 2869 erum-

215 2908 304 2973 peret.
344 2896 433 2958 Quod
448 2894 588 2969 reliquum
603 2903 655 2962 est,
668 2892 728 2966 jam
742 2912 799 2949 non
812 2911 927 2966 possum
940 2891 1081 2961 oblivisci,
1095 2908 1190 2947 meam

218 2977 293 3033 hanc
308 2994 371 3033 esse
384 2974 515 3049 patriam,
530 2991 576 3028 me
590 2972 691 3028 horum
705 2990 768 3027 esse
790 2970 953 3037 consulem3
974 2968 1045 3025 mihi
1060 2979 1109 3025 aut
1123 2988 1190 3025 cum

217 3055 262 3111 his
276 3054 438 3121 vivendum,
449 3061 498 3108 aut
510 3050 614 3126 probis
628 3068 690 3106 esse
705 3048 891 3106 moriendum.
932 3047 1039 3103 Nullus
1052 3057 1095 3104 est
1102 3057 1189 3122 porte

167 3123 202 3176 35
217 3142 322 3203 custos,
337 3131 433 3189 nullus
447 3130 595 3187 insidiator
606 3127 681 3192 rie:
703 3126 727 3182 si
749 3126 798 3202 qui
820 3126 898 3182 exire
919 3126 1026 3195 volunt,
1041 3125 1190 3182 consulere

217 3211 272 3267 sibi
285 3218 410 3286 possunt.
450 3207 514 3269 Qui
528 3204 595 3263 verd
613 3205 642 3261 in
664 3204 742 3262 Urbe
765 3223 795 3261 se
818 3203 1011 3273 commoverit,
1034 3203 1115 3280 cujus
1136 3223 1190 3279 ego

216 3309 274 3347 nou
295 3286 380 3346 modd
403 3288 521 3356 factum,
543 3285 593 3340 sed
615 3284 760 3358 inceptum
782 3282 873 3338 ullum
895 3291 1064 3339 conatumve
1091 3291 1191 3339 contra

215 3367 347 3443 patriam,
370 3363 598 3441 deprehendero;
628 3362 732 3419 sentiet
753 3361 783 3417 in
804 3361 861 3417 hac
882 3360 953 3418 urbe
974 3379 1037 3417 esse
1059 3361 1191 3417 consules

216 3446 377 3523 vigilantes,
397 3463 462 3501 esse
483 3441 614 3518 egregios
634 3440 828 3515 magistratus,
842 3458 905 3496 esse
927 3438 1028 3495 sortem
1048 3449 1190 3509 senatum,

167 3535 203 3590 ιο
217 3543 280 3581 esse
307 3542 396 3593 arma,
418 3541 481 3580 esse
503 3537 660 3588 carcerem,
682 3536 767 3593 quem
789 3517 934 3574 vindicem
960 3517 1134 3575 nefariorum
1156 3535 1191 3574 ac

216 3602 432 3660 manifestorum
446 3599 588 3657 scelerum
602 3596 723 3672 majores
736 3596 825 3653 nostri
838 3614 901 3652 esse
914 3595 1072 3653 voluerunt

256 3678 346 3736 XIII.
375 3680 472 3753 Atque
493 3678 557 3734 hac
576 3675 674 3733 omnia
695 3674 739 3731 sic
766 3682 896 3751 agentur,
916 3672 1059 3743 Quirites,
1086 3682 1119 3728 ut
1145 3691 1191 3730 res

217 3758 349 3815 maximae
364 3756 484 3813 minimo
500 3764 588 3823 motu,
602 3753 732 3828 pericula
752 3770 864 3808 summa
885 3751 965 3809 nullo
984 3750 1118 3819 tumultu,
1133 3749 1192 3806 bel-

217 3837 277 3892 lum
299 3835 466 3892 intestinum
489 3851 524 3889 ac
545 3831 745 3900 domesticum,
766 3839 829 3905 post
850 3829 997 3886 hominum
1024 3827 1190 3885 memoriam
