2702 4464
385 349 520 400 ouamo
542 349 613 400 PRO
634 349 732 400 LEGE
754 349 920 429 Manlum.
1151 352 1193 410 57

155 503 288 570 torosque
315 493 522 570 capiebanturl
553 491 631 565 crim,
659 513 695 551 ex
722 493 855 553 omnibus
881 492 1036 570 provinciis
1065 511 1142 551 com-

156 584 263 646 meatu,
277 583 306 631 et
325 573 434 649 privato
446 582 476 630 et
490 572 615 649 publico,
629 573 870 648 prohibebamurl
891 570 959 629 crim
980 572 1022 648 ita
1041 572 1142 629 clausa

156 663 239 709 erant
257 653 340 710 nobis
358 651 456 710 omnia
475 651 576 721 maria,
591 661 623 707 ut
642 670 736 727 neque
749 652 888 728 privatam
901 668 963 709 rem
976 651 1141 709 transmari·

156 749 233 801 nam,
248 749 341 804 neque
354 730 509 806 publicam,
521 729 582 805 jam
594 730 675 788 obire
688 732 854 806 possemusl

194 808 314 867 XVIII.
346 809 424 869 Qua
445 808 546 865 civitas
567 818 652 866 antea
665 827 791 884 unquam
806 809 869 879 fuit,
885 806 957 884 (non
970 807 1037 865 dico
1050 808 1140 865 rithe-
1173 808 1192 862 5

154 887 309 958 niensium,
331 906 394 962 quae
423 888 492 944 satis
519 885 577 944 late
599 889 743 962 quondam
770 906 850 944 mare
876 887 1003 944 tenuisse
1023 887 1139 958 dicitur,

154 986 212 1024 non
239 965 534 1042 Carthaginiensium,
555 966 604 1039 qui
627 964 800 1041 permultum
823 966 915 1022 cla'sse
934 965 1142 1039 maritimisque

155 1046 242 1102 rebus
255 1044 416 1114 valuerunt,
430 1043 700 1116 nonRhodiorum,
715 1063 835 1118 quorum
855 1062 945 1117 usque
966 1043 1001 1099 ad
1015 1053 1141 1100 nostram

155 1123 323 1180 memoriam
344 1122 497 1198 disciplina
515 1122 626 1187 navalis
645 1132 674 1179 et
694 1122 784 1198 gloria
797 1122 947 1200 remansit)
963 1140 1026 1196 quae
1040 1122 1142 1179 civitas

156 1220 283 1275 unquam
305 1211 396 1258 antea
409 1211 469 1257 tam
489 1201 593 1271 tenuis,
612 1219 675 1275 quae
695 1211 755 1258 tam
773 1219 862 1277 parva
881 1200 975 1258 insula
995 1199 1057 1271 fnit,
1078 1219 1144 1274 quae
1160 1195 1194 1249 10

155 1300 213 1337 non
232 1289 330 1355 portus
343 1299 418 1350 suon,
433 1288 463 1336 et
483 1297 575 1355 agros,
590 1288 619 1336 et
637 1278 762 1352 aliquam
782 1289 892 1355 partem
912 1278 1036 1354 regionis
1057 1288 1142 1353 atque

154 1377 212 1415 orae
232 1358 393 1429 maritima,
413 1377 464 1434 per
484 1377 515 1414 se
535 1357 597 1433 ipsa
617 1357 803 1415 defenderatl
836 1358 879 1414 At
893 1355 1018 1435 (hercle)
1035 1356 1142 1430 aliquot

157 1455 247 1494 annos
267 1436 418 1494 continuos
438 1444 505 1493 ante
524 1435 619 1512 legem
642 1435 807 1509 Gabiniam,
828 1435 876 1493 ille
895 1435 1015 1511 populus
1034 1435 1143 1492 Roma·

156 1534 221 1586 nus,
242 1516 334 1590 cujus,
355 1533 445 1590 usque
466 1515 503 1571 ad
531 1523 657 1572 nostram
679 1515 856 1585 memoriam,
877 1533 981 1572 nornen
1002 1513 1141 1570 invictum

156 1594 187 1652 in
207 1593 356 1650 navalibus
375 1592 479 1669 pugnis
498 1602 703 1668 permanserat,
724 1578 830 1669 m‘agni
852 1611 886 1649 ac
906 1590 996 1649 multo
1016 1591 1142 1649 maximi
1160 1592 1194 1646 15

155 1682 236 1749 parte
250 1692 308 1730 non
321 1670 406 1729 modb
421 1671 563 1741 utilitatis,
574 1671 625 1728 sed
640 1670 787 1746 dignitatis
798 1681 884 1746 atque
898 1670 1019 1746 imperii,
1030 1670 1141 1728 caruit:

156 1769 359 1826 nos,·qu0rum
379 1749 502 1825 majores
528 1749 708 1807 Antiochum
733 1768 832 1826 regem
859 1749 951 1807 classe
978 1749 1142 1823 Persenque

94 1838 102 1849 “
157 1829 336 1905 superarunt,
356 1829 546 1902 omnibusque
572 1827 722 1886 navalibus
747 1829 852 1904 pugnis
878 1827 1142 1904 Carthaginienses,

158 1908 288 1965 homines
301 1907 331 1964 in
345 1906 496 1964 maritimis
509 1907 596 1964 rebus
612 1906 863 1964 exercitatissimos
883 1906 1141 1982 paratissimosque,

158 1986 298 2054 vicerunt,
312 1985 333 2042 ii
346 1986 426 2043 nullo
445 1985 476 2042 in
495 1986 560 2043 loco
577 1984 637 2061 jam
655 1985 836 2060 predonibus
855 2003 938 2060 pares
958 2004 1021 2042 esse
1033 1994 1142 2060 potera-
1158 1986 1195 2040 20

159 2082 231 2120 mus.
271 2064 334 2122 Nos
347 2083 469 2138 quoque,
484 2063 534 2137 qui
549 2074 634 2121 antea
647 2083 704 2121 non
717 2062 802 2121 modb
823 2062 939 2120 Italiam
952 2073 1043 2120 tutam
1057 2063 1143 2120 habe-

159 2142 270 2213 bamus,
294 2143 345 2199 sed
364 2162 464 2200 omnes
483 2142 577 2200 socios
603 2142 633 2199 in
655 2142 763 2199 ultimis
782 2141 841 2200 oris
863 2141 1032 2199 auctoritate
1053 2142 1143 2199 nostri

159 2220 271 2296 imperii
290 2220 382 2278 salvos
401 2230 535 2296 prestare
556 2230 733 2296 poteramus3
755 2218 910 2292 tummim
931 2220 1025 2277 insula
1044 2219 1142 2292 Delos,

158 2308 219 2356 tam
232 2299 330 2374 procul
351 2297 470 2356 anobis
490 2299 520 2356 in
541 2299 642 2375 AEgaeo
662 2299 734 2356 mari
753 2300 855 2375 posita,
870 2297 927 2373 qud
947 2317 1048 2356 omnes
1061 2299 1144 2355 undi-

159 2395 215 2451 que
230 2395 297 2433 cum
310 2377 455 2434 mercibus
473 2386 557 2452 atque
577 2377 712 2435 oneribus
732 2377 942 2448 commeabant,
956 2376 1061 2434 referta
1074 2375 1144 2432 divi·
1159 2376 1196 2430 25

159 2455 218 2524 tiis,
232 2473 329 2530 parva,
343 2454 405 2512 sine
418 2473 500 2513 muro
515 2455 586 2512 nihil
606 2456 741 2526 timebat3
763 2455 851 2513 iidem
864 2475 922 2513 non
935 2453 1020 2512 modd
1033 2453 1144 2529 provin·
1233 2468 1235 2473 ’

160 2533 225 2604 ciis,
247 2542 332 2606 atque
358 2532 415 2591 oris
441 2533 532 2590 Italia
552 2534 712 2605 maritimis,
735 2553 771 2592 ac
791 2535 929 2609 portubus
954 2532 1068 2603 nostris,
1091 2532 1143 2589 sed
1201 2556 1206 2567 ·

160 2611 248 2670 etiam
268 2611 364 2687 Appia
389 2610 448 2686 jam
475 2611 522 2668 riri
550 2613 736 2671 carebamus:
765 2622 794 2670 et
821 2612 866 2669 his
886 2612 1060 2687 temporibus
1086 2630 1142 2668 non

158 2691 286 2767 pudebat
305 2689 488 2786 magistratus
506 2692 602 2766 populi
622 2691 760 2762 Romani,
782 2691 813 2748 in
833 2692 912 2747 hunc
932 2690 1024 2765 ipsum
1047 2690 1143 2747 locum

159 2769 325 2839 escendere,
340 2787 408 2825 cum
421 2787 487 2826 eum
501 2770 581 2827 robis
601 2769 722 2844 majores
741 2769 827 2827 vestri
847 2768 956 2827 exuviis
976 2768 1102 2826 nauticis
1115 2778 1144 2826 et
1159 2771 1196 2827 30

159 2846 295 2905 classium
309 2847 405 2922 spoliis
417 2856 551 2904 ornatum
564 2848 753 2922 reliquissent.

198 2925 286 2983 XIX.
321 2926 402 2983 Bono
421 2934 451 2982 te
473 2925 570 2984 animo
589 2936 661 2997 tum,
679 2927 719 2988 Q.
736 2926 882 2997 Hortensi,
896 2926 1016 3002 populus
1036 2924 1145 2983 Roma·

158 3020 224 3074 nus,
238 3012 268 3061 et
288 3013 406 3061 caeteros
419 3003 468 3078 qui
490 3014 572 3062 erant
591 3004 622 3062 in
643 3005 745 3062 eadem
763 3005 916 3076 sententiis,
931 3005 1029 3061 dicere
1050 3003 1145 3061 existi·

159 3082 248 3140 mavit
271 3101 315 3151 ea,
330 3100 393 3155 quae
415 3081 599 3140 sentiebatis:
629 3084 680 3140 sed
701 3093 808 3154 tamen,
823 3083 853 3140 in
874 3083 966 3140 salute
988 3081 1143 3152 communi,

160 3159 237 3219 idem
256 3160 376 3236 populus
395 3160 547 3218 Romanus
568 3161 657 3219 dolori
677 3181 729 3220 suo
750 3162 860 3232 maluit,
874 3160 960 3236 qudm
983 3159 1145 3218 auctoritati
1161 3167 1197 3220 35

161 3250 271 3309 vestrae,
285 3240 489 3314 obtemperare.
530 3238 633 3313 Itaque
652 3259 711 3298 nna
729 3241 784 3310 lex,
799 3259 874 3297 uuus
886 3239 939 3311 vir,
953 3258 1028 3295 unus
1043 3256 1144 3308 annus,

160 3337 219 3375 non
232 3315 317 3375 modb
331 3336 384 3374 nos
396 3316 446 3377 illa
460 3316 576 3375 miseriti
590 3337 625 3375 ac
639 3318 814 3394 turpitudine
824 3319 973 3387 liberavit;
994 3318 1045 3373 sed
1059 3316 1146 3373 etiarn

160 3395 268 3465 effecit,
289 3394 495 3468 utaliquando
522 3395 589 3454 vere
609 3396 771 3454 videremur
796 3396 930 3455 omnibns
957 3395 1090 3472 gentibus
1111 3412 1146 3451 ac

160 3473 326 3532 nationibus
338 3473 415 3530 terri
426 3473 558 3548 marique
571 3474 719 3551 imperare.

200 3552 271 3613 Quo
284 3552 354 3608 mihi
369 3551 456 3609 etiam
470 3551 618 3628 indignihs
631 3553 742 3610 videtur
758 3551 949 3610 obtrectatum
963 3570 1026 3608 esse
1041 3550 1146 3621 adhuc,
1163 3559 1199 3613 40

161 3630 288 3689 Gabinio
309 3630 415 3701 dicam,
431 3649 506 3689 anne
528 3631 673 3706 Pompeio,
698 3650 736 3688 an
756 3630 891 3703 utriquel
923 3629 977 3708 (id,
1006 3629 1081 3704 quod
1104 3639 1148 3686 est

162 3710 271 3788 verius)
287 3729 325 3767 ne
344 3710 489 3785 legaretur
509 3710 548 3766 A.
571 3708 714 3766 Gabinius
735 3708 790 3765 Cn.
806 3709 941 3786 Pompeio
954 3707 1098 3786 expetenti
1113 3727 1148 3767 ac

162 3788 336 3865 postulantil
369 3786 475 3845 Utriun
489 3788 546 3859 ille,
561 3787 610 3862 qni
623 3787 748 3864 postulat
760 3787 887 3863 legatum
909 3789 945 3847 ad
965 3798 1077 3846 tantum
1090 3787 1149 3844 bel·

162 3867 234 3939 lum,
247 3885 333 3942 quem
346 3866 424 3939 velit,
439 3867 559 3928 idoneus
580 3886 637 3925 non
658 3875 711 3939 est,
725 3865 776 3942 qui
796 3865 937 3943 impetret,
951 3865 1020 3927 clun
1041 3864 1149 3938 ceteri,
