2658 4468
162 404 220 464 128
409 401 547 453 ORATIO
568 401 638 452 PRO
660 401 693 453 Τ.
715 401 831 453 ANNIO
852 402 1003 454 nicona.

248 545 278 604 Ο
291 565 339 604 me
352 544 490 604 miserum
501 545 508 589 l
528 565 547 604 o
561 544 723 604 infelicem!
765 544 918 604 Revocare
928 556 960 603 tu
968 566 1015 605 me
1026 567 1055 605 1n
1066 548 1206 624 patriam,

209 624 292 696 Milo,
306 625 422 702 potuisti
435 645 485 701 per
499 626 568 682 hos:
589 644 643 701 ego
656 636 685 682 te
704 624 734 682 in
755 625 848 700 patriai
870 645 921 701 per
935 627 1051 684 eosdem
1074 628 1208 686 retinere

209 725 267 763 non
281 705 397 780 poterol
436 703 521 764 Quid
534 703 712 779 respondebo
731 703 829 760 liberis
849 704 932 775 meis,
946 705 995 780 qui
1009 715 1038 762 te
1050 717 1207 782 parentem

210 784 330 841 alterum
344 784 467 859 putant?
488 781 558 857 quid
571 782 635 852 tibi,
648 782 689 844 Q.
704 782 800 853 frater,
815 782 865 857 qui
887 802 967 841 nunc
982 784 1059 855 abes,
1075 785 1206 842 consorti

176 868 325 921 bmeoum
338 873 497 937 temporum
512 861 645 919 illoruml
666 880 784 919 menon
804 861 931 937 potuisse
945 861 1063 920 Milonis
1077 864 1207 921 salutem

208 941 284 1000 tueri
301 960 351 1017 per
374 941 501 1011 eosdem,
520 959 571 1029 per
595 959 666 1015 quos
688 951 814 998 nostram
836 940 884 998 ille
904 942 1066 1000 servissetl
1106 943 1149 999 At
1171 942 1207 1000 in

209 1020 267 1096 qui
281 1020 370 1078 causa
383 1039 441 1078 non
454 1021 603 1096 potuissel
625 1038 688 1094 quae
702 1028 746 1076 est
765 1030 847 1094 grata
868 1019 1011 1095 gentibus.
1053 1021 1080 1077 A
1094 1022 1208 1095 quibus

209 1120 267 1158 non
280 1099 428 1175 potuissel
449 1098 486 1155 ab
500 1097 545 1169 iis,
560 1098 609 1174 qui
622 1095 748 1155 masline
759 1098 791 1155 P.
803 1097 899 1156 Clodii
913 1108 1004 1156 morte
1018 1099 1205 1175 acquierunt

208 1179 279 1241 Quo
292 1178 487 1253 deprecantel
508 1195 564 1235 me.

161 1260 195 1315 10
247 1257 406 1319 Quodnam
420 1274 475 1332 ego
489 1255 609 1332 concepi
623 1266 736 1314 tantum
750 1254 855 1327 scelus,
871 1266 921 1313 aut
935 1257 1011 1331 qucd
1031 1255 1060 1314 in
1075 1276 1122 1314 me
1135 1266 1207 1315 tan-

209 1348 270 1393 tum
284 1334 399 1392 facinus
413 1333 527 1406 admisi,
535 1334 661 1411 judices,
675 1333 744 1392 clun
758 1334 807 1392 illa
821 1334 931 1393 indicia
944 1335 1104 1393 communis
1118 1336 1207 1394 exitii

209 1412 354 1490 indagavi,
367 1413 502 1490 patefeci,
516 1413 630 1491 protuli,
645 1413 768 1472 exstinxi
780 1415 791 1469 I
832 1413 945 1471 Omnes
959 1413 989 1472 in
1003 1433 1050 1472 me
1063 1433 1207 1490 meosque

208 1493 372 1550 redundant
391 1511 428 1550 ex
447 1493 525 1550 fonte
556 1491 605 1551 illc
624 1493 743 1551 dolores.
792 1491 876 1554 Quid
902 1511 949 1550 me
976 1493 1113 1551 reducem
1133 1513 1205 1552 esse

208 1571 357 1630 voluistisl
378 1590 415 1630 an
439 1580 481 1642 ut,
503 1571 533 1629 in
585 1581 683 1629 ctante
705 1590 763 1641 me,
786 1570 997 1647 expellerentur
1012 1571 1043 1642 ii,
1056 1592 1105 1649 per
1126 1591 1207 1647 quos

159 1650 194 1705 15
208 1670 302 1709 essem
315 1649 484 1708 restitutusl
524 1590 633 1721 lidiae,
646 1650 768 1708 obsecro
781 1669 841 1720 vos,
854 1650 924 1725 pati,
934 1650 1006 1711 mihi
1021 1642 1207 1709 acerbiorem

208 1730 333 1789 reditum
346 1749 419 1800 esse,
434 1727 520 1803 quim
544 1728 631 1786 fuerit
644 1728 693 1786 ille
707 1727 767 1805 ipse
788 1728 940 1786 discessus.
981 1729 1011 1786 N
1014 1748 1060 1786 am
1074 1728 1122 1804 qul
1135 1750 1208 1806 pos·

208 1827 272 1866 sum
285 1819 387 1884 putare
400 1826 447 1864 me
461 1806 625 1865 restitutum
645 1826 719 1879 esse,
733 1806 758 1864 si
781 1806 923 1867 distrahor
937 1807 974 1865 ab
998 1808 1044 1880 iis,
1057 1828 1107 1886 per
1128 1829 1207 1885 quos

208 1887 356 1946 restitutus
370 1886 456 1944 sumi

247 1963 429 2023 XXXVIII.
470 1963 589 2023 Utinam
602 1963 653 2022 Dii
674 1964 849 2023 immortales
869 1964 1016 2038 fecissent,
1032 1963 1120 2043 (pace
1135 1967 1205 2038 tud,

156 2050 194 2105 20
207 2044 309 2121 patria,
324 2043 462 2101 dixerim:
483 2054 581 2102 metuo
593 2044 682 2115 enim,
696 2063 734 2101 ne
745 2043 885 2102 scelerate
905 2044 1003 2102 dicam
1024 2043 1107 2115 inte,
1122 2047 1206 2120 quod

206 2144 258 2201 pro
271 2122 382 2180 Milone
396 2122 493 2180 dicam
516 2121 563 2199 pie
576 2124 597 2202 z)
620 2123 731 2180 utinam
752 2122 784 2179 P.
799 2122 920 2181 Clodius
939 2144 998 2182 non
1017 2124 1102 2182 modb
1124 2125 1206 2182 vive-

207 2212 261 2274 ret,
275 2203 326 2261 scd
340 2202 427 2261 etiam
440 2211 552 2278 praetor,
564 2201 674 2272 consul,
689 2202 821 2272 dictator,
836 2215 911 2259 esset
923 2201 1028 2278 potiris,
1043 2201 1129 2277 quim
1143 2205 1205 2262 hoc

207 2283 405 2359 spectaculum
419 2281 554 2338 viderem.
595 2280 624 2338 Ο
638 2280 689 2337 Dii
703 2280 894 2338 immortales!
917 2282 1029 2353 fortem,
1040 2292 1069 2339 et
1083 2282 1204 2355 avobis,

205 2361 328 2437 judices,
353 2361 581 2418 conservandum
601 2359 711 2417 virum!
734 2366 752 2391 “
763 2357 898 2431 Minime,
913 2359 1062 2431 minime,''
1084 2360 1202 2435 inquit:

155 2443 192 2497 25
208 2440 327 2499 “immo
340 2437 408 2498 verb
421 2458 522 2516 poenas
536 2439 584 2497 ille
604 2438 717 2497 debitas
735 2438 840 2508 luerit;
860 2458 913 2497 nos
933 2439 1097 2510 subeamus,
1111 2439 1136 2496 si
1156 2440 1203 2500 ita

206 2539 327 2577 necesse
337 2529 390 2590 est,
401 2538 458 2576 non
469 2518 609 2576 debitas.”
645 2516 774 2575 Hiccine
784 2516 836 2588 vir,
846 2518 945 2593 patria
954 2528 1049 2588 natus,
1064 2537 1202 2592 usquam,

206 2597 263 2656 nisi
284 2597 314 2655 in
333 2597 437 2674 patria,
458 2596 617 2655 morieturl
648 2605 708 2666 aut,
723 2596 747 2654 si
768 2594 851 2667 forte,
871 2616 923 2673 pro
942 2596 1059 2672 patridl
1100 2597 1202 2674 Hujus

206 2694 256 2735 vos
270 2675 358 2733 animi
378 2685 565 2733 monumenta
584 2674 761 2747 retinebitis,
783 2674 908 2750 corporis
928 2674 959 2733 in
979 2675 1065 2733 Italia
1085 2677 1202 2736 nullum

206 2754 370 2831 sepulcrum
390 2772 454 2811 esse
473 2753 644 2830 patieminil
698 2753 789 2812 Hunc
809 2753 862 2811 sud
882 2753 1033 2830 quisquam
1054 2756 1201 2815 sententid

154 2838 191 2894 30
206 2852 242 2890 ex
256 2833 312 2890 hac
326 2832 397 2893 urbe
420 2832 552 2907 expellet,
566 2851 653 2906 quem
665 2851 766 2891 omnes
785 2833 882 2904 orbes,
896 2833 1046 2909 expulsum
1070 2853 1087 2891 a
1106 2835 1200 2906 vobis,

207 2911 243 2968 ad
258 2930 289 2968 se
302 2911 466 2968 vocabuntl
507 2909 535 2967 Ο
556 2920 663 2968 terram
686 2910 765 2968 illam
779 2912 983 2987 beatamque
1004 2914 1082 2970 hune
1102 2913 1199 2971 virum

205 2988 368 3065 exceperit!
391 2990 468 3047 hanc
482 2988 635 3067 ingratam,
650 2989 674 3046 si
688 2989 824 3065 ejeceritl
846 2989 991 3062 miseram,
1006 2990 1030 3048 si
1052 2991 1198 3051 amiserit!

206 3069 265 3126 Sed
279 3067 345 3125 finis
358 3067 403 3125 sit.
445 3067 550 3143 Neque
572 3068 660 3139 eninr,
674 3088 732 3145 praa
745 3068 891 3146 lacrymis,
902 3069 963 3146 jam
973 3068 1051 3144 loqui
1064 3090 1198 3146 possum3

205 3147 296 3205 ethic
311 3166 342 3205 se
362 3147 498 3223 lacrymis
518 3147 635 3206 defendi
659 3157 744 3205 vetat.
785 3149 847 3207 Vos
869 3168 929 3220 oro,
942 3150 1134 3223 obtestorque,
1152 3149 1200 3225 ju-

153 3229 189 3285 35
205 3227 295 3298 dices,
310 3236 351 3299 ut,
366 3227 557 3285 insectentiis
581 3226 716 3297 ferendis,
741 3228 817 3301 quod
841 3226 980 3297 sentietis,
1004 3226 1035 3284 id
1056 3228 1197 3287 audeatis.

205 3307 341 3364 Vestram
365 3306 510 3377 virtutem,
528 3306 680 3382 justitiam,
705 3306 802 3377 fidem,
826 3303 911 3380 (mihi
933 3305 1057 3383 credite)
1080 3305 1199 3366 ismar-

205 3384 263 3444 ime
277 3385 419 3462 probabit,
434 3385 493 3458 qul,
508 3384 539 3443 in
560 3384 707 3461 judicibus
727 3384 867 3461 legendis,
881 3384 1020 3461 optimum
1041 3394 1071 3443 et
1083 3387 1185 3462 sapien

204 3464 347 3523 ausimum
360 3476 390 3525 ot
403 3464 589 3524 fortissimum
602 3483 746 3540 quemque
759 3463 838 3541 legit.
