2702 4464
408 320 546 387 onemo,
565 323 611 372 lv.
633 323 672 372 IN
693 324 723 372 L.
746 324 958 374 CATILINAM.
1095 366 1104 379 ,
1191 335 1232 393 39

197 467 247 544 qui
259 486 321 538 nos,
330 464 378 540 qui
389 466 534 542 conjuges,
549 465 598 541 qui
611 465 715 525 liberes
728 477 848 539 nostros,
857 468 1002 526 trucidare
1012 470 1178 540 voluerunt,

197 547 247 621 qui
261 545 387 620 singulas
401 545 625 618 uniuscujusque
638 546 767 602 nostrhm
781 547 889 617 domos,
904 557 932 603 et
947 548 1002 603 hoc
1016 549 1180 605 universum

197 623 361 699 reipublicae
376 623 562 692 domicilium,
576 623 673 679 delere
687 625 783 680 conati
797 634 878 693 sunt3
901 625 949 698 qui
964 625 993 681 id
1007 637 1137 702 egerunt,
1149 637 1181 684 ut

197 713 313 778 gentem
327 701 514 777 Allobrogum
534 701 564 757 in
584 701 711 778 vestigiis
731 702 815 777 hujus
835 703 924 772 urbiS,
939 713 1024 775 atque
1039 704 1068 760 in
1083 705 1181 762 cinere

197 779 347 854 deflagrati
367 779 489 854 imperii,
511 779 700 849 collocarent3
725 780 749 837 si
769 781 1011 838 vehementissimi
1033 782 1181 854 fuerimus,
1215 794 1233 846 5

197 858 397 914 misericordes
425 858 611 914 habebimur:
639 857 685 914 sin
711 858 887 916 remissiores
913 879 975 917 esse
999 860 1180 931 voluerimus,

198 954 316 992 summae
337 936 420 992 nobis
441 935 619 992 crudelitatis
632 934 663 992 in
675 935 774 1011 patriae
788 937 950 1011 civiumque
963 938 1091 1013 pernicie
1105 939 1183 997 sama

198 1014 428 1089 subeundaest.l

179 1078 209 1191 s
237 1091 305 1148 Nisi
325 1091 392 1148 verb
414 1090 540 1166 cuipiam
560 1091 593 1148 L.
609 1091 717 1162 Caesar,
731 1091 773 1150 vir
788 1092 956 1150 fortissimus
975 1104 1004 1150 et
1025 1094 1188 1152 amantisste

200 1189 263 1229 mus
277 1168 452 1245 reipublice,
468 1170 608 1226 crudelior
622 1170 828 1227 nudiustertius
841 1172 918 1227 visus
931 1181 983 1242 est,
999 1171 1067 1229 cdm
1080 1173 1183 1231 sororis
1202 1178 1235 1231 10

200 1267 267 1318 sure,
284 1248 406 1304 foeminae
418 1247 607 1317 electissimae,
616 1247 708 1304 virum
717 1260 886 1323 praesentem
900 1259 929 1313 et
940 1250 1113 1321 audientem,
1125 1252 1184 1309 vira

199 1326 368 1402 privandum
382 1345 444 1382 esse
458 1325 538 1395 dixit,
554 1324 622 1381 crim
642 1343 725 1381 avum
742 1326 824 1400 jussu
845 1327 970 1383 consulis
990 1328 1183 1399 interfectum,

200 1405 348 1477 filiumque
369 1404 430 1479 ejus
450 1404 637 1478 impuberem,
650 1403 777 1478 legatum
799 1423 816 1460 a
835 1415 915 1479 patre
936 1406 1063 1476 missum,
1079 1406 1108 1463 in
1123 1416 1185 1465 odr-

175 1257 184 1264 ω

201 1501 268 1540 cere
282 1491 417 1538 necatum
431 1501 494 1538 esse
508 1481 596 1537 dixit:
617 1499 747 1553 quorum,
761 1482 836 1555 quod
852 1482 944 1540 simile
959 1483 1087 1541 factumi
1102 1486 1184 1558 quod

201 1560 304 1618 initum
325 1560 454 1616 delendae
475 1558 640 1634 reipublicae
655 1559 826 1616 consilium?
867 1560 1042 1636 Largitionis
1055 1554 1237 1619 voluntas'l'o'

201 1649 262 1695 tum
283 1638 313 1694 in
334 1637 482 1713 republica
501 1645 614 1693 versata
633 1645 686 1705 est,
700 1646 729 1693 et
748 1637 871 1712 partium
885 1638 1016 1712 quadam
1029 1641 1184 1699 contentio.

4 1136 10 1164 l

202 1718 300 1790 Atque
314 1716 362 1772 illo
376 1725 502 1790 tempore
516 1713 601 1789 hujus
615 1733 684 1770 arus
696 1713 823 1785 Lentuli,
838 1715 1013 1773 clarissimus
1027 1718 1079 1789 vir,
1095 1736 1187 1775 arma·

202 1805 248 1852 tus
268 1795 436 1850 Gracchum
456 1803 500 1850 est
518 1802 703 1868 persecutus:
724 1792 772 1850 ille
793 1793 880 1850 etiarn
900 1813 986 1869 grave
1006 1806 1068 1852 tum
1083 1795 1187 1852 vulnus

4 4042 16 4065 .

205 1872 325 1947 accepit,
339 1891 376 1928 ne
397 1871 466 1945 quid
486 1871 523 1928 de
543 1870 655 1927 summa
674 1889 706 1927 re
725 1870 841 1946 publica
861 1874 1055 1930 minueretur:
1076 1873 1134 1944 hic,
1150 1874 1187 1930 ad

204 1951 357 2008 evertenda
385 1949 573 2006 fundamenta
599 1947 773 2024 reipublicae,
795 1949 894 2006 Gallos
922 1951 1051 2021 arcessit,
1072 1951 1187 2008 servitia
1203 1950 1239 2004 20

205 2027 340 2099 concitat,
350 2027 505 2085 Catilinam
519 2036 619 2095 vocat3
642 2026 769 2084 attribuit
782 2046 834 2084 nos
847 2027 1032 2086 trucidandos
1046 2029 1186 2106 Cethego,

206 2117 324 2164 ceteros
344 2105 422 2163 cives
442 2105 654 2162 interficiendos
677 2105 811 2176 Gabbam,
832 2106 933 2163 urbem
953 2106 1188 2164 inflammandam
1210 2146 1222 2159 .

206 2185 318 2254 Cassio,
338 2193 427 2241 totam
453 2183 568 2241 Italiam
588 2185 755 2240 vastandam
776 2183 1022 2258 diripiendamque
1044 2185 1187 2243 Catilinae.

207 2262 366 2333 Veremini,
383 2259 513 2340 (censeo)
529 2281 576 2332 ne,
591 2261 620 2319 in
641 2263 695 2319 hoc
712 2262 821 2319 scelere
835 2271 894 2317 tam
908 2261 1026 2319 immani
1042 2281 1076 2319 ac
1090 2264 1189 2319 nefan-

207 2341 254 2411 do,
275 2339 361 2397 nimis
388 2339 496 2413 aliquid
521 2339 618 2396 severe
646 2340 778 2397 statuisse
805 2339 976 2408 videamini3
1004 2339 1072 2396 crim
1098 2338 1188 2397 multo
1205 2352 1241 2405 25

208 2418 301 2494 magis
309 2417 346 2473 sit
356 2418 521 2487 verendum,
535 2437 581 2488 ne,
590 2418 756 2475 remissione
766 2436 867 2493 poenae,
878 2416 1010 2474 crudeles
1019 2418 1048 2474 in
1058 2419 1189 2491 patriam,

209 2494 296 2570 quam
316 2515 363 2566 ne,
385 2495 534 2553 severitate
562 2496 824 2566 animadversionis,
845 2494 931 2552 nimis
956 2495 1139 2553 vehementes
1160 2495 1188 2552 in

209 2573 409 2631 acerbissimos
422 2574 526 2643 hostes,
540 2573 627 2631 fuisse
640 2575 796 2632 videamur.
823 2604 835 2625 a

168 2662 185 2707 a
247 2652 317 2709 VII.
360 2653 418 2709 Sed
433 2671 468 2709 ea
481 2671 543 2726 quae
557 2652 689 2723 exaudio,
703 2653 804 2709 Patres
824 2650 996 2726 conscripti,
1011 2651 1191 2709 dissimulare

207 2751 265 2789 non
282 2749 405 2809 possum.
446 2729 599 2787 iaciuntur
621 2730 699 2787 enim
719 2750 812 2802 voces,
827 2749 890 2804 quae
909 2730 1079 2805 perveniunt
1093 2731 1128 2786 ad
1144 2749 1192 2786 au·
1208 2743 1244 2798 30

208 2829 254 2867 res
267 2828 356 2879 meas,
370 2827 469 2866 eorum
490 2808 539 2881 qui
553 2808 644 2865 vereri
658 2808 799 2880 videntur,
814 2818 846 2865 ut
865 2808 989 2864 habeam
1009 2809 1078 2865 satis
1098 2808 1193 2883 praesi·

208 2886 259 2958 dii,
281 2888 317 2943 ad
339 2906 383 2957 ea,
405 2906 468 2961 quae
496 2906 545 2944 vos
573 2886 728 2943 statueritis
756 2887 893 2944 hodierno
920 2886 977 2957 die,
998 2887 1191 2962 transigenda.

208 2965 317 3022 Omnia
336 2975 365 3021 et
384 2964 496 3040 provisa
516 2974 545 3021 et
564 2974 664 3039 parata
683 2974 713 3021 et
732 2964 887 3022 constituta
907 2974 983 3034 sunt,
997 2965 1097 3020 Patres
1118 2965 1194 3020 Con·

209 3043 317 3119 scripti,
333 3041 401 3099 cirrn
421 3044 487 3099 mea
508 3043 620 3098 summit
641 3042 712 3098 cura
733 3055 817 3116 atque
838 3041 998 3117 diligentia,
1019 3052 1081 3098 tum
1101 3039 1192 3097 multo

209 3122 296 3178 etiam
310 3122 417 3195 majore
430 3120 526 3196 populi
546 3120 684 3191 Romani,
698 3120 735 3177 ad
749 3138 892 3177 summum
906 3119 1056 3194 imperium
1070 3119 1194 3175 retinen·
1211 3122 1246 3176 35

210 3200 288 3269 dum,
298 3210 327 3256 et
342 3200 378 3255 ad
392 3217 559 3256 communes
573 3198 700 3256 fortunas
714 3197 933 3267 conservandas,
943 3197 1095 3254 voluntate.
1124 3195 1195 3279 Orn-

210 3297 262 3334 nes
277 3278 380 3334 adsunt
395 3276 523 3334 omnium
543 3276 676 3333 ordinum
695 3275 835 3345 homines,
849 3274 978 3331 omnium
992 3274 1115 3346 denique
1130 3283 1196 3329 aeta·

211 3365 289 3412 turn:
309 3355 426 3430 plenum
440 3364 483 3411 est
497 3354 598 3424 forum,
612 3354 698 3430 plena
717 3353 824 3428 templa
837 3352 917 3408 circa
931 3352 1033 3420 sorum,
1047 3350 1124 3425 pleni
1138 3369 1197 3407 om·

211 3453 263 3490 nes
284 3432 377 3489 aditus
397 3432 481 3507 hujus
501 3432 557 3489 loci
579 3451 614 3488 ac
633 3432 739 3506 templi.
780 3431 878 3487 Causa
898 3428 976 3485 enim
996 3438 1048 3498 est,
1062 3438 1125 3502 post
1142 3428 1198 3484 Ur·
1304 3500 1306 3503 v
1336 3494 1340 3505 ι

212 3512 279 3571 bem
293 3510 448 3581 conditam,
460 3511 523 3567 haec
534 3509 650 3567 inventa
663 3509 733 3579 sola,
744 3507 775 3564 in
785 3507 842 3582 qua
852 3525 952 3563 omnes
961 3506 1099 3562 sentirent
1108 3525 1197 3562 unurn
1215 3513 1250 3567 40

214 3598 298 3662 atque
313 3588 399 3659 idem,
413 3599 514 3662 prater
535 3606 593 3656 eos,
608 3587 668 3661 qui,
683 3585 750 3643 cum
771 3584 826 3641 sibi
846 3583 976 3641 viderent
996 3603 1059 3640 esse
1078 3603 1199 3658 pereun-

212 3670 292 3735 dum,
307 3685 374 3727 cum
388 3665 521 3723 omnibus
539 3663 634 3740 potiris
652 3662 739 3739 quim
752 3662 805 3720 soli
818 3661 911 3738 perire
926 3662 1083 3719 voluerunt.
1126 3662 1200 3717 Hos·

213 3765 248 3804 ce
262 3764 316 3824 ego
330 3744 460 3802 homines
479 3742 591 3818 excipio
611 3753 640 3800 et
660 3761 779 3799 secerno
798 3741 937 3799 libenter:
958 3759 1052 3814 neque
1074 3739 1151 3796 enim
1171 3738 1200 3794 in

213 3823 406 3902 improborum
427 3821 545 3893 civium,
559 3821 610 3879 sed
624 3819 655 3878 in
669 3818 919 3878 acerbissimorum
932 3817 1067 3887 hostium,
1081 3832 1202 3874 numero
