2658 4468
155 384 212 445 188
443 383 579 434 ORATIO
600 382 640 434 ut
661 384 700 434 Μ.
721 383 923 438 Antonium

201 527 314 586 simum.
353 527 432 590 Quas
452 528 530 585 enim
550 547 596 586 res
616 547 743 604 unquam
758 526 831 605 (pro,
851 537 951 585 sancte
968 525 1115 605 Jupiterl)
1131 547 1192 586 non

201 605 287 664 modd
307 607 337 664 in
357 607 414 664 hac
433 608 515 678 urbe,
529 607 580 664 sed
600 607 631 665 in
649 607 783 665 omnibus
803 606 895 676 terris,
915 616 959 663 est
977 616 1059 682 gesta
1079 606 1192 682 majorl

201 704 264 760 quae
285 686 454 761 gloriosior?
475 705 538 760 quae
558 685 783 744 commendatior
803 686 858 743 erit
876 685 1024 742 hominum
1044 685 1192 742 memorias

202 766 401 839 sempiternrel
435 764 471 821 ln
493 764 578 840 hujus
597 783 644 821 me
664 774 695 820 tu
716 764 829 821 consilii
852 764 1030 834 societatem,
1051 772 1192 837 tanquam

168 840 232 899 5111
246 861 352 917 equum
371 842 542 918 Trojanum,
557 862 625 901 cum
645 843 823 919 principibus
844 842 991 899 includisl
1024 841 1092 898 Non
1105 861 1192 899 recu·

201 940 251 979 ao:
272 940 327 998 ago
345 922 433 979 etiam
453 923 570 998 gratias,
585 940 698 997 quoquo
718 921 814 978 animo
833 920 922 990 facis3
943 929 1023 977 tanta
1042 920 1119 977 enim
1141 939 1192 976 res

201 1009 254 1071 est,
275 1010 307 1056 ut
328 1000 466 1058 invidiam
486 1001 581 1071 istam,
602 1019 688 1075 quam
709 1010 740 1056 tu
760 1000 790 1056 in
810 1019 858 1057 me
878 1000 921 1056 ris
941 999 1097 1069 concitare,
1119 1017 1191 1056 cum

201 1078 287 1135 laude
300 1099 357 1136 non
372 1097 543 1155 comparem.
716 1131 718 1134 Α

239 1157 323 1218 Quid
336 1159 414 1216 enim
429 1157 541 1215 beatius
555 1157 621 1227 illis,
635 1175 706 1231 quos
720 1167 750 1213 tu
764 1155 895 1232 expulsos
916 1175 933 1213 a
952 1166 982 1213 te
1001 1155 1141 1232 praedicas
1157 1165 1190 1212 et

155 1237 188 1291 10
202 1236 364 1311 relegatosl
385 1236 434 1310 qui
447 1236 528 1293 locus
547 1246 591 1293 est
611 1247 661 1293 aut
680 1245 739 1293 tam
760 1237 899 1305 desertus,
915 1244 964 1291 aut
983 1243 1042 1292 tem
1057 1234 1190 1291 inhuma-

201 1333 266 1383 nus,
287 1314 336 1388 qui
364 1314 436 1384 illos,
457 1313 514 1389 qud
542 1314 726 1385 accesserint,
747 1334 805 1371 non
833 1314 915 1371 affari
942 1323 1028 1387 atque
1055 1322 1189 1388 appetere

201 1394 353 1449 rideaturl
380 1394 430 1468 qui
451 1393 660 1450 bomines‘tam
681 1402 817 1469 agrestes,
838 1393 956 1467 qui-se,
977 1390 1045 1448 crim
1067 1410 1116 1448 eos
1140 1392 1189 1447 ad·

202 1472 354 1547 spexerint,
368 1491 425 1529 non
446 1472 604 1528 maximum
621 1472 732 1547 cepisse
745 1472 810 1528 vite
834 1472 960 1528 fructum
983 1471 1102 1545 putenti
1124 1488 1189 1543 quae

201 1550 269 1607 rerd
283 1561 342 1608 tam
357 1551 505 1608 immemor
518 1550 677 1626 posteritas,
693 1568 756 1624 quae
776 1559 835 1607 tem
858 1550 977 1625 ingratae
1000 1548 1090 1605 literae
1108 1567 1190 1623 repe·

153 1636 188 1690 15
202 1628 321 1700 rientur,
335 1642 398 1704 quae
412 1648 510 1686 eorum
529 1629 650 1705 gloriam
668 1648 727 1686 non
741 1628 961 1685 immortalitatis
974 1626 1112 1684 memorii
1126 1646 1191 1702 pro·

202 1709 377 1782 sequanturl
407 1707 457 1765 Tu
471 1705 539 1765 vero
554 1708 686 1765 adscribe
700 1725 747 1763 me
760 1707 848 1763 talem
861 1706 892 1763 in
905 1723 1065 1763 numerum.

240 1787 325 1845 XIV.
360 1787 420 1844 Sed
443 1806 531 1844 unam
552 1806 613 1844 rem
636 1805 744 1855 vereor,
765 1804 802 1842 ne
825 1803 883 1842 non
903 1784 1014 1859 probes.
1055 1783 1087 1840 Si
1109 1782 1189 1840 enim

202 1865 329 1936 luimem,
343 1885 402 1923 non
423 1865 515 1923 solum
533 1884 641 1942 regem,
656 1865 706 1922 sed
727 1881 850 1939 regnum
872 1863 970 1933 etiem,
985 1862 1021 1918 de
1038 1861 1191 1936 republica

202 1944 399 2001 sustulissem:
419 1955 458 2015 et,
473 1945 497 2001 si
517 1962 599 2001 meus
621 1944 704 2000 stilus
724 1942 773 2000 ille
793 1942 903 2012 fuisset,
917 1951 950 1998 ut
970 1941 1085 2010 dicitur,
1101 1938 1189 2014 (mihi

150 2023 187 2076 20
202 2022 302 2100 crede)
317 2041 374 2080 non
396 2022 488 2080 solum
512 2040 602 2080 unum
623 2033 730 2091 actum,
751 2020 802 2078 sed
823 2030 912 2078 totam
933 2018 1070 2089 fabulam,
1091 2019 1190 2076 conle-

202 2100 314 2157 cissem.
354 2101 542 2176 Quanquam,
557 2101 582 2157 si
603 2100 727 2159 interfici
749 2100 895 2157 Caesarem
917 2098 1049 2167 voluisse,
1074 2097 1186 2154 crimen

201 2188 254 2249 est,
278 2179 353 2249 vide,
375 2199 481 2255 quaeso,
505 2179 626 2250 Antoni,
648 2179 717 2254 quid
739 2179 791 2236 tibi
818 2178 945 2235 futurum
972 2177 1019 2247 sit,
1045 2193 1131 2251 quem
1158 2184 1189 2231 et

202 2256 340 2316 Narbone
364 2260 419 2316 hoc
440 2258 591 2317 consilium
616 2277 683 2315 cum
710 2258 744 2315 C.
773 2256 922 2314 Trebonio
942 2255 1053 2330 cepisse
1076 2253 1189 2312 notissi·
1212 2323 1214 2327 7

201 2355 281 2393 mum
301 2346 360 2408 est3
381 2347 420 2410 et,
433 2338 471 2396 ob
484 2337 547 2412 ejus
560 2336 673 2395 consilii
696 2336 873 2406 societatem,
888 2331 956 2392 cdm
978 2333 1188 2391 interficeretur

150 2416 186 2470 25
202 2415 310 2487 Caesar,
332 2426 394 2474 tum
416 2426 445 2474 te
467 2436 485 2474 a
504 2415 654 2473 Trebonio
672 2415 797 2473 vidimus
817 2413 953 2470 sevocari.
995 2411 1060 2508 Ego
1080 2421 1187 2481 autem,

202 2493 281 2569 (vide
304 2493 390 2571 qudm
412 2506 510 2553 tecum
532 2513 615 2571 agam
639 2514 696 2551 non
720 2490 853 2571 inimice)
868 2490 944 2565 qudd
964 2491 1039 2548 bene
1054 2489 1187 2566 cogitdsti

202 2573 364 2648 aliquando,
378 2574 483 2632 lando:
503 2571 582 2649 qndd
594 2592 651 2630 non
666 2571 811 2641 indicasti,
822 2571 930 2647 gratias
944 2589 1016 2646 ago:
1037 2567 1114 2644 qudd
1129 2588 1187 2626 non

201 2651 305 2721 fecisti,
321 2652 446 2728 ignosco.
488 2652 592 2709 Virum
606 2671 652 2709 res
666 2651 715 2708 illa
728 2650 882 2725 quaerebat.

238 2728 330 2790 Quod
354 2730 378 2786 si
401 2740 431 2787 te
454 2730 485 2787 in
503 2729 646 2804 judicium
669 2729 735 2803 quis
759 2729 894 2798 adducat,
917 2735 1091 2803 usurpetque
1115 2724 1186 2782 illud

149 2806 383 2878 murcianum,
411 2826 462 2866 cur
490 2825 571 2865 sono
603 2826 733 2876 runnru·;
767 2808 842 2877 vide,
870 2825 976 2880 quasso,
1003 2823 1041 2862 ne
1068 2804 1185 2860 haereas.

199 2885 377 2959 Quanquam
402 2886 472 2943 illud
494 2885 610 2961 quidem
636 2886 698 2956 fuit,
713 2896 745 2943 ut
765 2895 797 2941 tu
811 2885 939 2956 dicebas,
953 2883 1087 2942 omnibus
1102 2883 1185 2951 bono,

199 2964 248 3038 qui
272 2964 378 3021 servire
399 2965 550 3033 nolebant3
575 2964 627 3020 tibi
648 2974 745 3022 tamen
766 2961 921 3040 praecipuit,
946 2962 996 3036 qui
1019 2981 1075 3018 non
1099 2958 1185 3018 modo

200 3061 256 3099 non
271 3042 368 3113 servis,
383 3043 434 3099 sed
454 3043 541 3099 etiam
561 3062 683 3119 regnas3
704 3043 754 3116 qui
774 3042 898 3099 maximo
911 3051 940 3098 te
961 3061 1017 3098 aere
1038 3039 1132 3096 alieno
1150 3040 1186 3096 ad

200 3120 292 3177 aedem
311 3119 384 3197 Opis
403 3121 550 3191 liberdsti3
571 3122 631 3196 qui,
644 3141 695 3198 per
715 3122 833 3178 easdem
852 3120 975 3190 tabulas,
993 3118 1187 3177 innumerabi-

149 3200 185 3254 35
199 3198 256 3255 lem
283 3201 436 3275 pecuniam
463 3200 625 3277 dissipdsti;
658 3200 693 3256 ad
722 3218 809 3274 quern
829 3219 846 3257 e
866 3201 951 3256 domo
976 3196 1101 3255 Caesaris
1127 3208 1186 3252 tarn

199 3278 290 3335 multa
303 3279 399 3336 delata
411 3289 496 3349 sunt3
518 3279 601 3355 cujus
615 3279 717 3336 domus
730 3278 972 3352 quaestuosissima
992 3286 1036 3334 est
1050 3275 1185 3332 falsorum

199 3359 469 3416 commentariorum
484 3370 513 3416 et
527 3358 780 3434 chirographorum
793 3357 928 3426 officina;
953 3372 1096 3432 agrorum,
1110 3353 1187 3428 oppi-

199 3435 310 3508 dorum,
330 3437 554 3508 immunitatum,
575 3436 769 3512 vectigalium,
790 3434 1018 3512 flagitiosissimis
1039 3432 1184 3490 nundinae.

198 3512 315 3573 Etenim
335 3536 399 3592 quae
419 3537 466 3575 res
486 3515 606 3593 egestati
627 3526 656 3572 et
677 3515 726 3572 aeri
748 3515 842 3573 alieno
861 3524 922 3584 tuo,
942 3522 1043 3589 prater
1063 3521 1185 3568 mortem

148 3592 185 3646 to
199 3592 333 3665 Caesaris,
347 3596 500 3654 subvenire
513 3594 669 3671 potuissetl

238 3671 348 3731 Nescio
379 3674 448 3749 quid
483 3674 669 3731 conturbatus
701 3673 773 3743 mihi
800 3691 863 3730 esse
888 3668 1004 3729 videris.
1044 3666 1186 3742 Nunquid

200 3751 348 3821 subtimes,
363 3771 401 3810 ne
421 3753 458 3809 ad
478 3761 508 3809 te
530 3753 585 3809 hoc
608 3751 719 3810 crimen
739 3751 882 3827 pertinere
895 3749 1047 3807 videaturl
1081 3747 1187 3804 Libero

199 3838 229 3885 te
242 3839 336 3886 metu:
358 3849 444 3888 nemo
457 3830 555 3888 credet
574 3848 717 3903 unquam:
738 3849 796 3887 non
817 3838 860 3887 est
880 3838 961 3884 tuum
981 3828 1018 3884 de
1038 3823 1186 3901 republica

200 3903 274 3964 bend
288 3908 393 3965 mereri
405 3927 411 3963 :
433 3909 521 3966 habet
534 3907 616 3965 istius
629 3907 815 3984 pulcherrimi
835 3906 904 3965 facti
925 3904 1099 3964 clarissimos
1111 3903 1186 3961 viros
