2658 4468
334 429 472 480 ORATIO
494 431 564 482 Pso
585 431 617 482 Τ.
637 431 753 483 ANNIO
774 432 924 482 MILONE.
1117 429 1175 488 125

167 576 211 634 Et
231 585 308 646 sunt,
328 575 378 650 qui
398 576 435 633 de
454 575 502 633 vid
523 576 618 654 Appia
639 587 805 651 querantur,
825 586 942 635 taceant
962 577 999 635 de
1019 575 1124 634 curiit

120 665 156 713 et
177 656 230 732 qui
254 656 290 712 ab
311 674 346 712 eo
367 654 493 730 spirante
517 656 608 715 torum
628 666 729 733 putent
748 656 873 733 potuisse
894 656 1021 728 defendi,
1042 657 1125 732 cujus

121 755 190 793 non
220 733 356 791 restiterit
386 733 520 791 cadaveri
548 736 651 793 curial
692 734 835 806 Excitate,
856 735 982 793 excitate
1002 753 1079 804 eum,
1100 733 1125 791 si

121 813 261 889 potestis,
276 813 313 869 ab
331 811 439 869 inseris.
481 812 635 890 Frangetis
656 813 794 889 impetum
814 813 880 883 vivi,
895 814 978 889 cujus
999 814 1045 872 vix
1065 833 1126 870 sus·

122 892 232 950 tinctis
259 891 348 948 furias
371 891 526 966 insepultil
553 893 611 950 nisi
630 890 698 961 γετὸ
719 892 894 949 sustinuistis
914 912 972 962 eos,
987 893 1036 966 qui
1057 911 1125 950 cum
1156 903 1175 956 5

124 971 248 1028 facibus
268 970 305 1027 ad
332 969 444 1027 curiam
474 979 675 1042 cucurrerunt,
695 989 764 1028 cunr
785 970 908 1029 falcibus
929 972 965 1028 ad
986 971 1125 1042 Castoris,

126 1068 203 1107 cum
222 1048 327 1125 gladiis
346 1059 413 1106 toto
439 1049 499 1106 loro
524 1049 687 1109 volitarunt.
742 1049 824 1106 Cmdi
853 1049 964 1106 vidistis
991 1050 1126 1126 populum

125 1127 313 1198 Romanum,
328 1127 498 1186 concionem
521 1128 626 1205 gladiis
650 1127 816 1198 disturbari,
831 1124 900 1184 crim
923 1128 1069 1185 audiretur
1090 1128 1127 1184 si·

125 1207 223 1265 lentio
245 1205 287 1262 M.
303 1206 422 1277 Coelius,
447 1206 579 1264 tribunus
601 1206 703 1284 plebis,
724 1206 815 1264 viret
839 1207 868 1264 in
890 1226 922 1264 re
941 1207 1058 1283 publici
1073 1207 1127 1264 sor-

128 1285 272 1354 tissimus,
287 1295 316 1342 et
330 1285 360 1343 in
374 1285 506 1360 suscepta
521 1286 610 1342 causti
628 1286 817 1357 firmissimus,
833 1286 1014 1343 othonorum
1030 1287 1126 1343 volun·
1140 1300 1175 1355 10

127 1363 186 1422 tati
200 1374 229 1421 et
244 1363 407 1421 auctoritati
421 1365 538 1422 senatus
552 1364 676 1435 deditus,
690 1373 729 1435 et,
744 1364 774 1422 in
795 1367 851 1422 hac
871 1364 990 1421 Milonis
1003 1364 1064 1422 sive
1083 1365 1126 1423 in·

128 1443 212 1500 vidia
226 1442 286 1499 sive
297 1442 411 1500 fortunia
425 1443 573 1519 singulari,
588 1443 686 1501 divinia
700 1453 729 1501 et
743 1443 907 1501 incredibili
921 1444 986 1501 lide.

173 1521 322 1579 XXXIV.
364 1521 424 1578 Sed
442 1521 502 1597 jam
524 1522 594 1579 satis
618 1522 709 1579 multa
724 1522 883 1579 decausis:
904 1532 986 1580 extra
1005 1541 1125 1580 causam

131 1600 222 1673 etiam
237 1600 324 1658 nimis
338 1599 456 1658 fortasse
470 1601 569 1658 multa.
609 1600 693 1662 Quid
707 1610 804 1671 restat,
819 1601 875 1658 nisi
895 1610 928 1657 ut
940 1620 1019 1658 orem
1033 1602 1126 1658 obtes-

131 1689 235 1755 terque
247 1699 307 1748 vos,
319 1678 443 1754 judices,
458 1690 490 1736 ut
503 1698 568 1737 eam
583 1679 810 1737 misericordiam
823 1680 956 1737 tribuatis
971 1680 1125 1738 fortissimo
1141 1692 1175 1745 15

132 1758 206 1832 viro,
220 1776 306 1832 quarn
321 1758 381 1834 ipse
395 1778 452 1816 non
467 1758 613 1834 implorat3
636 1778 700 1835 ego,
715 1758 802 1815 etiam
822 1769 1002 1835 repugnante
1016 1760 1082 1829 hoc,
1096 1767 1126 1816 et

134 1836 264 1912 imploro,
291 1846 321 1894 et
347 1839 490 1913 exposcol
530 1836 640 1908 Nolite,
662 1837 696 1907 si,
721 1837 751 1894 in
778 1847 875 1895 nostro
894 1838 1023 1895 omniurn
1044 1837 1124 1909 fletu,

136 1915 246 1972 nullam
277 1915 435 1991 lacrymam
464 1915 632 1992 adspexistis
660 1915 797 1986 Milonis3
826 1915 851 1973 si
877 1916 987 1973 vultum
1014 1935 1125 1992 semper

137 1993 273 2064 eundem,
286 1994 311 2051 si
334 2014 444 2065 vocem,
463 1994 487 2052 si
508 1995 676 2066 orationem,
701 1995 832 2052 stabilem
857 2013 892 2052 ac
914 2015 972 2053 non
985 2004 1125 2053 mutatam

136 2071 252 2142 videtis,
266 2072 318 2131 hoc
337 2071 435 2131 minsis
462 2072 490 2131 ei
511 2093 648 2150 parcere:
671 2083 756 2149 atque
778 2074 856 2130 haud
877 2074 948 2145 scio,
973 2093 1010 2132 an
1034 2072 1124 2131 multb
1139 2083 1177 2137 20

135 2151 227 2208 etiarn
252 2151 289 2208 sit
314 2152 492 2228 adjuvandus
519 2152 618 2229 magis.
668 2153 795 2223 Etenim,
823 2152 857 2223 si,
885 2153 915 2210 in
949 2152 1126 2230 gladiatoriis

133 2229 249 2305 pugnis,
264 2231 336 2289 etin
360 2231 452 2289 infimi
475 2232 589 2308 generis
612 2231 760 2289 hominum
781 2231 946 2289 conditione
967 2242 1052 2306 atque
1072 2231 1126 2290 sor·
1170 2274 1174 2282 .

133 2310 217 2380 tund,
239 2310 353 2368 timidos
376 2319 406 2368 et
428 2311 580 2387 supplices,
595 2320 634 2381 et,
648 2321 681 2368 ut
701 2310 797 2367 vivere
816 2310 914 2379 liceat,
928 2310 1125 2380 obsecrantes,

133 2387 223 2446 etiam
237 2388 330 2446 odisse
344 2389 468 2447 solemus
476 2409 483 2459 ;
506 2389 602 2460 fortes,
616 2399 645 2446 et
660 2388 812 2458 animosos,
832 2399 905 2445 etse
927 2387 1031 2444 acriter
1052 2387 1126 2464 ipsos

132 2467 220 2524 morti
245 2467 407 2538 offerentes,
434 2488 548 2526 servare
575 2468 727 2543 cupimus;
764 2484 921 2540 eorumque
955 2485 1007 2523 nos
1033 2466 1126 2542 magis
1139 2474 1175 2528 25

133 2546 262 2617 miseret,
276 2547 324 2621 qui
339 2557 466 2604 nostram
480 2546 707 2604 misericordiam
721 2564 779 2602 non
795 2543 955 2618 requirunt,
969 2542 1056 2620 quim
1076 2546 1126 2620 qui

134 2625 215 2682 illam
242 2625 418 2702 efflagitant;
449 2635 557 2702 quanto
577 2626 633 2684 hoc
657 2624 750 2701 magis
774 2623 804 2681 in
827 2623 988 2681 fortissimis
1014 2623 1127 2683 civibus

135 2704 233 2761 lacere
247 2705 404 2762 debemus!

176 2781 227 2840 Me
250 2783 376 2857 quidem,
396 2783 520 2859 judices,
542 2782 708 2841 exanimant
731 2792 761 2841 et
784 2781 953 2842 interimunt
976 2783 1021 2841 has
1041 2802 1127 2841 voces

134 2859 264 2933 Milonis,
292 2881 363 2937 quas
391 2863 477 2920 audio
504 2862 629 2933 assidue,
656 2873 686 2920 et
705 2863 810 2938 quibus
830 2861 969 2920 intersum
989 2863 1125 2938 quotidie.
1139 2873 1175 2928 3ο

135 2947 154 2973 “
167 2941 302 3011 Valeant,
317 2941 459 3012 valeant,”
475 2940 577 3016 inquit,
592 2947 611 2974 ‘⁴
624 2941 701 2999 cives
721 2943 797 3012 mei;
818 2942 949 3000 valeant:
971 2942 1029 3000 sint
1049 2941 1128 3000 inco-

135 3017 237 3090 lumes,
252 3020 310 3077 sint
323 3019 466 3091 florentes,
481 3019 539 3077 sint
551 3020 647 3078 beati:
668 3030 723 3078 stet
746 3022 809 3080 haec
822 3022 891 3079 urbs
911 3022 1060 3098 preclara,
1075 3021 1127 3078 mi-

135 3098 223 3172 hique
249 3099 343 3175 patria
362 3099 522 3169 carissima,
549 3117 662 3174 quoquo
690 3100 775 3158 modo
805 3101 908 3158 merita
937 3100 974 3157 de
994 3119 1041 3156 nie
1061 3099 1124 3156 erit.

134 3176 309 3252 Tranquilli
322 3177 471 3254 republica
486 3178 563 3235 cives
577 3178 635 3235 mei
650 3177 800 3254 (quoniam
822 3179 893 3236 milri
908 3197 975 3236 curn
990 3178 1047 3236 illis
1067 3198 1125 3234 non

134 3256 218 3335 licet)
240 3257 303 3314 sine
323 3277 370 3314 me
394 3257 457 3333 ipsi,
479 3257 530 3313 sed
557 3276 607 3332 per
633 3275 680 3314 me
702 3266 809 3328 tamen,
839 3256 1041 3332 perfruantur:
1072 3265 1175 3331 eg035

135 3335 249 3407 cedam,
264 3346 350 3410 atque
364 3332 457 3394 abibo.
499 3335 532 3393 Si
546 3336 618 3392 mihi
638 3336 787 3411 republica
801 3335 876 3393 boni
896 3334 951 3391 frui
966 3354 1023 3392 non
1037 3333 1127 3390 licue-

134 3414 182 3484 rit,
197 3424 225 3471 at
240 3416 346 3474 carebo
366 3416 459 3472 mala:
480 3424 519 3486 et,
542 3433 628 3490 quarn
651 3415 773 3491 primam
795 3413 918 3489 tetigero
941 3414 1015 3469 bene
1036 3430 1127 3468 mora·

134 3503 195 3550 tam
215 3504 244 3550 et
263 3495 384 3552 liberam
406 3493 562 3563 civitatem,
584 3493 614 3551 in
634 3493 670 3550 ei
691 3491 904 3567 conquiescam.
945 3490 973 3548 Ο
995 3491 1099 3548 frustra
1107 3491 1124 3517 '³

135 3571 257 3652 (inquit)
283 3573 439 3649 ‘tsuscepti
462 3573 519 3630 mei
534 3572 661 3629 labores!
690 3591 709 3629 o
728 3589 793 3646 spes
814 3570 989 3629 fallaceslo
1019 3569 1126 3646 cogita·

133 3651 227 3709 tiones
248 3653 349 3710 inanes
372 3654 464 3710 meae!
508 3651 580 3727 Ego,
606 3647 685 3721 cium,
709 3649 842 3707 tribunus
861 3649 963 3726 plebis,
977 3647 1125 3726 republicis
1139 3645 1174 3701 40

132 3731 278 3806 oppressa,
293 3750 340 3788 me
353 3732 467 3790 senatui
488 3730 641 3799 dedissem,
657 3748 741 3804 quem
753 3728 927 3786 exstinctum
938 3747 1106 3804 acceperam
1117 3749 1124 3800 3

133 3809 280 3883 equitibus
294 3810 446 3880 Romanis,
461 3828 580 3884 quorum
595 3807 670 3866 vires
691 3817 774 3866 erant
795 3808 923 3879 debiles3
945 3808 1027 3867 bonis
1047 3807 1125 3880 viris,

133 3888 183 3964 qui
202 3907 319 3946 ornnem
343 3890 542 3947 auctoritatem
567 3887 716 3944 Clodianis
740 3887 827 3945 armis
851 3887 1032 3963 abjecerant3
1054 3886 1126 3945 mihi

134 3986 262 4044 unquam
276 3967 415 4026 bonorum
429 3967 594 4042 praesidiutn
608 3965 774 4024 defuturum
794 3968 947 4043 putareml
969 3966 1042 4044 Ego,
1057 3962 1126 4022 oiim

377 4046 440 4104 ll*
