2658 4468
166 377 224 435 104
414 377 551 428 ORATIO
573 378 642 428 PRO
664 377 695 427 T.
718 376 833 426 ANNIO
855 376 1005 427 MILONE.

216 519 343 591 vidisset,
356 540 438 597 posse
453 521 560 579 absolvi
583 539 661 592 eum,
679 520 728 596 qui
753 520 906 590 fateretur3
927 517 997 577 cdm
1020 517 1132 575 videret
1155 536 1213 576 nos

216 597 310 669 fateri,
324 619 418 673 neque
431 599 520 675 queri
541 619 668 674 unquam
686 599 827 676 jussisset,
841 618 898 656 nec
920 598 1000 655 vobis
1021 605 1080 653 tam
1100 596 1214 654 saluta·

215 695 277 733 rem
291 677 367 734 hanc
381 678 411 735 in
421 677 580 754 judicando
592 678 716 749 literam,
731 675 819 752 quim
839 677 918 734 illem
931 676 1053 745 tristem,
1068 675 1210 732 dedisset.

216 752 292 812 Mihi
306 754 372 814 verb
387 756 442 814 On.
463 756 616 833 Pompeius
636 777 693 815 uon
713 753 799 813 modd
813 755 884 813 nihil
899 755 1014 831 gravius
1034 764 1135 811 contra
1149 753 1213 811 Mi·

179 833 310 895 Slouem
334 833 490 910 judicdsse,
518 835 678 892 sedetiam
704 834 837 891 statuisse
864 833 987 903 videtur,
1015 831 1084 906 quid
1103 851 1155 890 vos
1176 833 1210 890 in

222 911 381 988 judicando
393 922 524 989 spectare
542 923 692 990 oporteret.
726 912 756 970 N
759 931 816 983 am,
831 911 880 986 qui
894 931 951 969 non
964 929 1079 986 poenam
1093 911 1211 969 confes·

215 991 298 1062 sioni,
319 991 371 1049 sed
390 992 597 1062 defensionem,
617 993 707 1063 dedit,
728 991 753 1048 is
778 1009 897 1048 causam
924 989 1056 1047 interitiis
1076 1008 1211 1063 quaeren·

215 1069 293 1141 dam,
306 1089 364 1128 non
385 1069 542 1140 interitum,
555 1070 673 1146 putavit.
714 1069 780 1126 Jam
801 1069 873 1126 illud
892 1068 972 1126 dicet
984 1068 1045 1144 ipse
1063 1067 1208 1143 profectd,

215 1149 291 1222 quod
304 1149 357 1206 sui
371 1159 470 1225 sponte
494 1149 573 1219 fecit,
595 1148 736 1207 Publione
758 1147 862 1206 Clodio
883 1148 1068 1205 tribuendum
1084 1147 1207 1224 putdrit,

163 1230 198 1284 10
216 1246 253 1284 au
267 1229 395 1304 tempori.

254 1304 324 1363 VII.
365 1304 452 1364 Domi
478 1324 537 1363 sure
560 1306 754 1365 nobilissimus
780 1305 833 1377 vir,
860 1303 977 1363 senatis
1002 1313 1207 1381 propugnator,

216 1395 311 1458 atque,
338 1383 396 1442 illis
421 1383 538 1458 quidem
564 1385 749 1462 temporibus,
775 1383 851 1461 pene
870 1394 1017 1460 patronus,
1045 1384 1207 1441 avunculus

215 1462 298 1538 cujus
311 1463 400 1520 nostri
417 1462 533 1538 judicis,
548 1463 693 1521 fortissimi
714 1463 778 1534 viri,
793 1461 835 1520 M.
850 1463 980 1532 Catonis,
994 1462 1126 1519 tribunus
1146 1462 1208 1537 ple-

215 1542 260 1598 bis
284 1540 325 1598 M.
350 1540 472 1613 Drusus,
492 1543 606 1600 occisus
626 1553 677 1600 est.
719 1542 802 1600 Nihil
823 1542 860 1599 dc
886 1541 948 1616 ejus
968 1550 1059 1598 morte
1084 1541 1207 1616 populus

163 1618 198 1674 15
216 1622 372 1691 consultus,
393 1621 473 1678 nulla
496 1622 614 1695 quaestio
640 1621 759 1679 decreta
786 1639 803 1677 a
829 1629 932 1677 senatu
958 1630 1010 1676 est.
1050 1618 1206 1680 Quantum

215 1699 326 1756 luctum
341 1699 370 1757 iu
385 1700 440 1756 bac
454 1700 525 1756 urbe
539 1700 627 1757 fuisse
642 1719 659 1757 a
672 1700 776 1757 uostris
796 1698 925 1775 patribus
945 1694 1206 1773 accepimus,ci1m

216 1777 248 1835 P.
272 1777 421 1847 Africano,
442 1778 520 1835 domi
541 1798 600 1836 suae
621 1779 791 1853 quiescenti,
819 1778 869 1834 illa
894 1786 1036 1834 nocturna
1059 1777 1102 1833 vis
1129 1785 1207 1833 esset

217 1856 316 1914 illatal
351 1855 504 1917 Quietum
517 1877 574 1915 non
589 1857 721 1934 gemuitl
741 1858 805 1932 quis
825 1876 883 1914 non
898 1856 967 1913 arsit
980 1856 1096 1913 dolorel
1118 1873 1206 1929 quem

217 1934 416 2005 immortalem,
443 1935 468 1992 si
494 1935 557 1993 fieri
578 1947 681 2012 posset,
703 1955 803 1994 omnes
823 1954 887 1993 esse
910 1943 1058 2010 cuperent,
1085 1933 1146 2009 ejus
1167 1952 1206 1990 ne

163 2013 200 2068 20
217 2013 410 2070 necessariam
424 2013 540 2087 quidem
554 2025 748 2091 exspectatam
763 2034 826 2072 esse
840 2014 978 2071 mortem!
1020 2012 1100 2069 Num
1116 2012 1204 2088 igitur

217 2090 276 2147 ulla
290 2091 408 2164 questio
421 2092 458 2149 dc
472 2092 605 2150 Africani
619 2104 710 2150 morte
733 2094 792 2151 lata
813 2094 876 2150 estl
897 2090 976 2149 certd
991 2091 1079 2148 nulla.
1119 2090 1204 2152 Quid

217 2170 277 2227 ital
298 2169 436 2244 quianon
452 2169 508 2228 alio
529 2171 657 2229 facinore
679 2172 750 2230 clari
772 2172 912 2241 homines,
935 2170 991 2228 elio
1009 2169 1134 2240 obscuri,
1155 2189 1205 2227 ne·

217 2257 328 2306 cantur.
369 2247 488 2307 Intersit
517 2249 590 2307 inter
620 2250 685 2307 vitae
718 2250 887 2328 dignitatem
915 2267 1091 2306 summorum
1119 2257 1204 2322 atque

217 2326 396 2385 infimorum:
417 2348 493 2386 mors
506 2329 632 2403 quidem,
648 2329 727 2386 illata
748 2349 798 2405 per
820 2328 924 2397 scelus,
948 2326 1050 2385 iisdem
1070 2326 1204 2402 etpoenis

163 2409 200 2463 2⁵
217 2416 347 2464 teneatur
361 2417 390 2465 et
403 2407 524 2484 legibus.
565 2407 632 2465 Nisi
646 2406 718 2464 sorte
739 2408 832 2483 magis
853 2405 907 2464 erit
927 2406 1081 2481 parricida,
1095 2405 1119 2461 si
1139 2406 1203 2480 quis

217 2487 397 2544 consularem
417 2497 536 2562 patrem,
557 2485 644 2560 qudm
664 2486 688 2542 si
709 2487 773 2560 quis
793 2485 940 2554 humilem,
968 2484 1132 2552 necaverit;
1154 2493 1204 2541 aut

216 2583 252 2621 ec
265 2584 340 2623 mors
354 2566 476 2623 atrocior
489 2566 544 2622 erit
557 2565 589 2622 P.
605 2565 710 2635 Clodii,
725 2562 802 2639 qubd
817 2564 885 2621 isin
905 2562 1098 2620 monumentis
1117 2562 1204 2637 majo·

217 2662 280 2700 rum
295 2662 410 2701 suorum
425 2644 462 2700 sit
475 2644 659 2701 interfectus:
681 2643 736 2700 hoc
749 2643 827 2700 euim
849 2661 923 2718 saepe
947 2642 984 2697 ab
1006 2640 1066 2698 istis
1086 2640 1201 2711 dicitur,

214 2721 334 2796 perinde
354 2722 435 2795 quasi
456 2722 567 2797 Appius
594 2721 643 2778 ille
663 2722 768 2778 Caecus
788 2721 863 2778 viam
887 2720 1033 2790 munierit,
1060 2739 1117 2777 uon
1145 2719 1202 2795 qui

163 2798 199 2853 30
215 2798 334 2875 populus
348 2809 485 2868 uteretur,
500 2800 550 2855 sed
564 2799 614 2855 ubi
629 2798 745 2876 impune
760 2800 804 2857 sui
817 2799 923 2895 posteri
935 2797 1182 2856 latrocinarentur.

255 2875 367 2950 Itaque,
382 2877 412 2935 in
426 2877 527 2934 eadem
542 2877 596 2933 istri
621 2878 716 2953 Appii
729 2878 786 2948 vit,
801 2897 869 2937 cum
891 2877 1103 2935 ornatissimum
1124 2877 1202 2950 equi·

215 2963 273 3011 tem
288 2954 454 3012 Romanurn
468 2954 500 3012 P.
516 2955 635 3013 Clodius
650 2956 691 3013 M.
716 2956 863 3033 Papirium
886 2956 1050 3026 occidisset,
1072 2976 1128 3013 non
1148 2956 1202 3013 suit

215 3032 287 3090 illud
301 3032 414 3090 facinus
426 3033 621 3109 puniendum:
643 3035 728 3093 homo
751 3035 828 3093 enim
852 3035 957 3093 nobilis
980 3035 1010 3094 in
1024 3035 1085 3091 suis
1104 3053 1201 3091 monu-

215 3112 320 3169 mentis
333 3113 459 3187 equitem
479 3112 645 3170 Romanum
665 3113 831 3172 occiderat:
851 3132 931 3171 nunc
951 3113 1079 3189 ejusdem
1099 3113 1199 3188 Appia

164 3193 200 3248 35
215 3210 320 3248 nomeu
341 3201 462 3265 quantes
482 3192 638 3268 tragoedias
664 3191 787 3250 excitat!
828 3192 916 3263 Qum,
944 3201 1095 3249 cruentata
1116 3201 1200 3248 antea

215 3269 295 3326 caede
322 3270 433 3327 honesti
456 3280 540 3344 atque
560 3271 723 3328 innocentis
744 3271 807 3341 viri,
829 3271 976 3340 silebatur,
997 3271 1099 3328 eadem
1122 3288 1199 3326 nunc

215 3346 317 3406 crebrd
333 3359 494 3425 usurpatur,
508 3360 693 3425 posteaquam
706 3349 825 3407 latronis
838 3357 868 3406 et
887 3348 1039 3424 parricidae
1060 3348 1199 3424 sanguiue

215 3426 326 3484 imbuta
339 3438 390 3485 est.
433 3429 491 3485 Sed
505 3427 574 3502 quid
588 3447 643 3504 ego
656 3428 706 3485 illa
719 3428 931 3486 commemorol
971 3425 1200 3502 Comprehensus

215 3513 259 3561 est
285 3504 440 3581 intemplo
466 3504 594 3563 Castoris
614 3526 713 3564 servus
733 3507 765 3564 P.
787 3505 892 3576 Clodii,
914 3524 999 3579 quem
1021 3504 1069 3562 ille
1089 3506 1124 3561 ad
1145 3505 1198 3562 Cu.

164 3577 200 3635 40
215 3582 383 3660 Pompeium
397 3584 628 3642 interficiendum
643 3584 806 3643 collocdrat.
848 3583 968 3641 Extorta
988 3594 1032 3641 est
1054 3583 1199 3641 confitenti

214 3661 278 3719 sica
306 3662 343 3719 de
371 3663 512 3720 manibus.
566 3663 670 3721 Caruit
696 3665 756 3721 foro
780 3672 879 3740 postea
905 3661 1075 3737 Pompeius:
1109 3661 1199 3720 caruit

215 3749 317 3797 senatu
327 3744 341 3798 τ’
365 3741 459 3798 caruit
481 3741 616 3816 publico:
643 3741 733 3817 janui
753 3762 785 3800 se
809 3760 844 3799 ac
872 3741 1040 3816 parietibus,
1062 3760 1120 3798 nou
1137 3741 1199 3816 jure

214 3818 312 3894 legum
332 3818 573 3895 judiciorumque,
595 3821 673 3877 texit.
715 3821 795 3878 Num
817 3839 879 3894 quae
903 3819 1013 3895 rogatio
1032 3819 1113 3876 latal
1132 3837 1199 3876 num

215 3914 279 3972 quae
293 3916 367 3956 nova
379 3898 498 3972 questio
511 3899 629 3956 decreta
641 3899 707 3957 estl
749 3899 851 3975 Atqui,
863 3897 887 3956 si
907 3917 964 3972 res,
985 3898 1010 3956 si
1029 3897 1082 3969 vir,
1095 3897 1120 3955 si
1133 3906 1200 3956 tom·
