2702 4464
165 386 208 443 lo
416 380 553 431 oaa‘uo
574 380 596 430 r.
619 381 657 430 m
680 381 711 431 a.
734 382 949 432 carminum.

216 523 346 593 miseras,
362 522 429 582 erim
445 524 485 581 illi
500 523 554 600 ipsi
568 524 723 596 venissent,
737 545 808 600 quos
821 546 876 602 ego
887 525 947 602 jam
962 525 1059 584 multis
1074 546 1108 584 ac
1120 547 1184 605 sum

216 601 272 659 mis
285 603 353 660 viris
367 604 403 659 ad
418 622 463 659 me
478 602 507 660 id
522 604 657 679 temporis
671 616 805 661 venturos
818 624 882 662 esse
897 606 1092 681 praedixeram.
1110 608 1139 677 l

256 681 293 739 V.
327 681 405 742 Quae
419 679 488 738 crim
503 680 543 738 ita
556 682 623 753 sint,
638 682 775 755 Catilina,
786 703 885 760 perge,
897 681 953 759 qud
965 684 1094 760 coepisti:
1116 703 1196 760 egre·

216 759 284 815 dere
306 758 461 835 aliquando
474 779 511 817 ex
525 761 612 817 urbe:
633 771 733 836 patent
745 775 849 836 portae:
870 762 1061 839 proficiscere.
1103 762 1196 819 Nimi-

179 837 199 891 5
216 835 266 894 rim
281 837 331 895 diu
346 849 373 895 te
388 839 590 914 imperatorem
613 838 662 896 illa
680 849 730 897 tua
745 839 898 897 Manliana
912 852 1006 898 castra
1020 841 1194 898 desiderant.

216 915 301 973 Educ
321 928 418 973 tecum
440 916 528 973 etiam
548 935 648 973 omnes
667 927 751 988 tuos3
773 919 797 975 si
818 917 924 989 mimis,
939 918 1025 994 qudm
1040 920 1194 995 plurimos:

215 1013 307 1071 purga
327 996 436 1052 urbem.
478 994 589 1071 Magno
611 1015 657 1053 me
679 1007 756 1053 metu
777 997 923 1068 liberabis,
944 998 1100 1056 dummodo
1121 998 1195 1055 inter

215 1091 263 1129 me
278 1083 362 1148 atque
376 1084 404 1130 te
419 1093 518 1130 murus
536 1074 656 1131 intersit.
697 1074 860 1148 Nobiscum
881 1075 988 1132 versari
1006 1075 1065 1151 jam
1086 1075 1195 1133 diutius

216 1170 274 1208 nou
288 1163 386 1228 potes:
407 1172 466 1209 non
481 1152 581 1222 feram,
596 1173 653 1210 non
668 1154 770 1228 patiar,
785 1173 843 1211 non
858 1154 961 1210 sinam.
1005 1153 1114 1229 Magna
1129 1154 1194 1211 Diis

164 1227 198 1281 10
215 1229 423 1287 immortalibus
438 1230 573 1287 habenda
583 1242 625 1287 est
636 1232 739 1307 gratia,
751 1243 835 1306 atque
848 1233 916 1289 huic
929 1232 983 1308 ipsi
997 1231 1062 1288 Jovi
1077 1233 1194 1303 Statori,

216 1307 413 1384 antiquissimo
427 1309 539 1366 custodi
554 1309 639 1385 hujus
654 1311 741 1380 urbis,
756 1311 833 1385 quod
848 1312 924 1367 hauc
939 1322 998 1367 tam
1012 1319 1125 1381 tetram,
1136 1320 1195 1368 tam

215 1380 392 1459 horribilem,
413 1398 528 1462 tamque
550 1388 684 1444 infestam
705 1388 881 1464 reipublicae,
902 1399 1012 1464 pestem
1033 1389 1117 1445 toties
1134 1388 1194 1465 jam

215 1465 377 1541 effugimus.
418 1464 486 1522 Nou
501 1476 545 1521 est
559 1467 663 1542 sapius
677 1466 708 1523 in
723 1486 782 1524 uno
797 1468 913 1524 homine
927 1469 1005 1524 salus
1019 1486 1133 1524 summa
1145 1487 1196 1544 pe·

214 1543 370 1601 riclitanda
395 1543 571 1619 reipublicae.
613 1545 763 1608 Quamdiu
789 1536 871 1617 laihi,
893 1546 1006 1604 consuli
1034 1546 1194 1623 designato,

164 1632 198 1685 15
216 1621 353 1692 Catilina,
368 1622 521 1679 insidiatus
535 1642 577 1694 es,
592 1644 650 1681 nou
670 1623 787 1699 publico
802 1643 848 1681 me
861 1625 1004 1700 prasidio,
1019 1625 1070 1681 sed
1085 1625 1196 1701 privatd

215 1700 375 1777 diligentia,
397 1700 522 1758 defendi.
564 1701 652 1774 cum,
673 1702 809 1777 proximis
837 1704 961 1761 comitiis
982 1704 1194 1775 consularibus,

216 1798 262 1836 me
284 1781 433 1837 consulem
455 1779 485 1836 in
507 1780 628 1856 Campo,
650 1791 679 1837 et
705 1782 907 1856 competitores
933 1798 1006 1853 tuos,
1032 1782 1195 1839 interlicere
1231 1831 1237 1836 .

215 1857 346 1928 voluisti3
376 1858 533 1934 compressi
561 1869 626 1916 tuos
652 1859 777 1916 nefarios
801 1872 924 1918 conatus
945 1862 1104 1919 amicorum
1124 1879 1196 1937 prae-

215 1937 288 1993 sidio
309 1947 338 1993 et
358 1937 459 2011 copiis,
474 1937 554 1995 nullo
573 1937 697 1995 tumultu
717 1938 834 2014 publice
855 1940 1008 1997 concitato.
1050 1939 1195 2015 Denique,

162 2023 199 2077 20
215 2015 443 2091 quotiescunque
457 2034 503 2072 me
517 2014 624 2091 petisti,
638 2035 689 2091 per
702 2036 749 2074 me
770 2017 823 2075 tibi
843 2018 957 2087 obstiti;
978 2037 1142 2093 quanquam
1156 2019 1196 2075 vi-

215 2094 331 2164 debam,
344 2095 505 2170 perniciem
527 2113 621 2151 meam
642 2114 710 2152 cum
727 2097 834 2172 magnai
849 2097 1013 2154 calamitate
1027 2096 1196 2172 reipublicae

214 2191 278 2229 esse
292 2174 488 2250 conjunctam.
530 2172 561 2230 N
563 2192 621 2231 unc
629 2172 689 2249 jam
701 2173 798 2249 aperte
810 2175 1018 2251 rempublicam
1031 2177 1195 2232 universam
1270 2178 1272 2182 ’

215 2252 307 2328 petis:
328 2253 434 2329 templa
447 2252 575 2309 Deorum
589 2251 801 2324 immortalium,
814 2263 893 2311 tecta
907 2253 995 2325 urbis,
1004 2254 1092 2311 vitam
1105 2253 1197 2310 omni·
1237 2325 1238 2329 ἵ

162 2405 199 2458 25
215 2351 264 2388 um
280 2332 397 2404 civium,
412 2330 527 2389 Italiam
541 2330 665 2408 denique
679 2342 778 2404 totam,
794 2333 831 2389 ad
850 2332 970 2390 exitium
990 2343 1020 2390 et
1033 2332 1196 2389 vastitatem

216 2430 310 2469 vocas.

203 2494 222 2561 ¹l
254 2400 366 2561 lauari,
380 2489 516 2565 quoniam
530 2488 571 2561 id,
585 2489 660 2564 quod
674 2489 809 2565 primum,
821 2499 906 2565 atque
921 2489 1006 2565 hujus
1018 2489 1130 2565 imperii
1141 2488 1197 2546 dis·

215 2568 386 2644 ciplinaeque
414 2569 556 2644 majorum
576 2568 721 2644 proprium
743 2579 796 2638 est,
818 2569 913 2625 facere
934 2568 1062 2624 nondum
1085 2568 1194 2636 audeo;

216 2646 321 2703 faciam
336 2647 374 2716 id,
393 2647 469 2720 quod
483 2657 527 2703 est
542 2647 578 2702 ad
601 2646 781 2703 severitatem
799 2645 903 2714 lenius,
917 2655 947 2700 et
961 2645 997 2700 ad
1012 2663 1196 2702 communem
1282 2644 1292 2655 “

215 2725 337 2782 salutem
352 2724 457 2781 utilius.
499 2722 529 2780 N
532 2742 589 2793 am,
604 2723 628 2780 si
641 2733 670 2779 te
684 2722 809 2780 interfici
820 2723 942 2797 jussero,
957 2722 1095 2780 residebit
1109 2723 1139 2778 in
1153 2741 1197 2778 re-

162 2807 198 2862 30
214 2803 331 2878 publica
345 2802 454 2876 reliqua
467 2801 680 2878 conjuratorum
695 2819 814 2869 manus3
836 2799 882 2856 sin
895 2808 927 2856 tu
940 2797 1031 2876 (quod
1044 2811 1073 2857 te
1084 2800 1206 2876 jamdu,

215 2882 284 2938 dum
308 2881 418 2959 hortor)
433 2880 548 2950 exieris,
563 2879 747 2936 exhaurietur
769 2897 805 2935 ex
827 2878 897 2935 urbe
919 2889 1034 2936 tuorum
1057 2879 1196 2936 comitum

215 2958 528 3035 maguaetperniciosa
539 2958 653 3015 sentina
666 2955 871 3036 [reipublicae].
892 2956 975 3018 Quid
984 2967 1037 3028 est,
1047 2957 1196 3015 Catiliual

215 3058 284 3095 num
298 3038 413 3094 dubitas
426 3036 467 3106 id,
482 3056 528 3094 me
543 3037 711 3112 imperante,
726 3036 832 3106 facere,
846 3036 922 3110 quod
941 3035 1001 3112 jam
1024 3036 1073 3094 tud
1095 3045 1196 3112 sponte

216 3117 361 3173 saciebasl
391 3115 479 3173 Exire
488 3135 524 3172 ex
533 3116 603 3172 urbe
615 3115 715 3172 consul
728 3116 838 3170 hostem
847 3113 947 3190 jubet:
968 3115 1128 3191 interrogas
1137 3133 1194 3186 me,

162 3197 198 3252 35
215 3214 283 3252 num
299 3195 328 3252 in
342 3194 498 3252 exsilium'l
529 3193 597 3250 Non
610 3192 715 3269 jubeo:
736 3194 797 3263 sed,
812 3193 837 3249 si
851 3212 898 3251 me
913 3192 1049 3264 consulis,
1064 3193 1181 3251 suadeo.

255 3273 308 3332 VI.
348 3273 431 3335 Quid
452 3272 541 3344 euim,
555 3272 693 3342 Catilina,
707 3280 761 3342 est,
775 3271 851 3346 quod
866 3282 895 3330 te
913 3272 973 3348 jam
994 3272 1024 3329 in
1045 3272 1102 3329 hac
1124 3272 1196 3329 urbe

215 3353 361 3411 delectare
374 3350 486 3428 possitl
508 3352 537 3409 in
556 3351 612 3427 qud
632 3370 718 3407 nemo
737 3359 781 3408 est
802 3348 898 3427 (extra
919 3351 1003 3407 istam
1023 3350 1196 3426 conjuratio·

215 3451 283 3489 nem
303 3432 479 3507 perditorum
499 3429 674 3509 hominum),
689 3428 738 3505 qui
759 3438 788 3486 te
809 3449 867 3486 nou
888 3438 1015 3498 metuat;
1037 3448 1133 3501 nemo,
1146 3428 1197 3504 qui

215 3530 275 3569 nou
294 3510 393 3568 oderit.
434 3509 513 3572 Quae
533 3519 601 3567 nota
621 3508 787 3566 domesticas
814 3506 1000 3584 turpitudinis
1020 3527 1079 3566 nou
1099 3507 1196 3565 inusta

162 3590 198 3644 40
216 3589 280 3646 vitae
294 3599 351 3645 tuae
364 3589 431 3646 estl
451 3588 527 3662 quod
538 3588 713 3663 privatarum
723 3605 819 3644 rerum
831 3586 958 3643 dedecus
969 3605 1027 3643 non
1039 3587 1128 3644 haeret
1140 3584 1198 3663 [in-

216 3667 346 3746 samiae]l
367 3685 430 3742 quae
451 3666 539 3723 libido
560 3666 596 3722 ab
615 3666 717 3735 oculis,
732 3665 808 3740 quod
830 3665 943 3723 facinus
957 3684 975 3721 a
988 3665 1124 3722 manibus
1144 3684 1197 3722 uu·

215 3765 301 3821 quam
315 3745 382 3815 tuis,
393 3745 468 3820 quod
483 3743 620 3818 flagitium
637 3755 726 3801 atoto
740 3763 870 3820 corpore,
886 3743 997 3800 abfuitl
1031 3743 1088 3800 Cui
1102 3753 1134 3799 tu
1148 3742 1197 3799 ad-

214 3822 402 3893 olescentulo,
417 3841 501 3897 quem
516 3823 742 3897 corruptelarum
755 3822 899 3879 illecebris
912 3818 1062 3887 irretisses,
1074 3840 1132 3877 non
1147 3830 1197 3877 aut

215 3903 252 3961 ad
273 3901 426 3962 audaciam
447 3900 563 3973 serrum,
584 3909 633 3958 aut
660 3900 697 3958 ad
723 3900 876 3958 libidinem
903 3901 1006 3971 lacem,
1026 3898 1196 3976 praetulistil
