2702 4464
152 350 194 409 50
426 348 563 399 ORATIO
585 348 655 399 PRO
678 348 776 399 LEGE
797 348 964 399 Mamur.

241 493 281 551 X.
303 493 380 551 Satis
394 492 465 551 mihi
479 492 569 549 multa
589 491 676 549 verba
698 491 801 549 secisse
822 490 929 562 videor,
951 511 1040 567 quare
1060 493 1116 551 hoc
1130 492 1187 550 bel·

202 572 262 629 lum
276 582 349 629 esset
358 589 464 647 genere
479 571 539 646 ipso
552 571 757 640 necessarium,
766 569 965 645 magnitudine
977 571 1186 647 periculosum:

202 660 299 720 restat,
314 660 346 707 nt
359 651 395 707 de
409 650 578 725 imperatore
589 650 626 705 ad
640 649 670 705 id
684 648 790 707 bellum
801 648 967 724 deligendo,
982 667 1018 706 ac
1037 650 1125 706 tantis
1144 669 1188 707 re·

202 728 256 785 bus
268 728 460 803 praeficiendo,
475 727 630 785 dicendum
643 745 707 785 esse
720 726 858 784 videatur.

169 817 189 869 5
242 806 369 876 Utinam,
381 805 525 877 Quirites,
538 805 663 863 virorum
684 805 799 863 fortium
819 815 904 880 atque
924 805 1121 863 innocentium
1141 824 1188 863 co·

201 885 278 961 piam
293 895 403 941 tantam
417 884 570 954 haberetis,
585 894 617 940 ut
630 886 694 940 haec
716 884 796 940 vobis
810 883 979 941 deliberatio
1000 883 1125 941 difficilis
1145 903 1188 941 es·

202 973 256 1034 set,
270 981 426 1039 quemnam
438 960 619 1038 potissimum
632 961 720 1019 tantis
733 963 819 1020 rebus
833 981 868 1019 ac
881 970 961 1020 tanto
975 962 1050 1020 bello
1068 962 1187 1037 prefici·

202 1009 308 1099 endum
323 1042 476 1137 putaretisl
505 1040 595 1098 Nunc
616 1038 695 1111 verri,
709 1059 777 1097 cum
801 1040 934 1097 situnne
955 1040 1010 1098 Cn.
1025 1040 1186 1116 Pompeius,

143 1194 145 1197 Ι
202 1121 322 1195 quinon
335 1117 420 1177 modd
434 1138 532 1177 eornm
547 1112 704 1188 hominum,
718 1118 767 1194 qui
788 1138 867 1176 nunc
888 1128 965 1190 sunt,
986 1118 1116 1195 gloriam,
1136 1119 1187 1175 sed

155 1209 189 1262 10
202 1200 288 1256 etiarn
304 1198 481 1288 antiquitatis
491 1197 667 1266 memoriam,
682 1197 785 1253 virtute
806 1198 962 1272 superarit3
983 1216 1046 1272 quae
1068 1215 1114 1254 res
1133 1206 1185 1267 est,

202 1297 265 1351 quae
279 1277 448 1366 cujusquam
463 1276 590 1333 animum
604 1275 633 1331 in
648 1241 703 1332 liae
718 1292 807 1330 causa
821 1275 940 1332 dubium
962 1276 1058 1332 lacere
1077 1242 1186 1349 possiti

202 1355 266 1431 Ego
292 1354 370 1412 enim
391 1354 434 1410 sic
455 1353 596 1442 existimo,
618 1353 649 1410 in
669 1370 782 1409 summo
803 1352 971 1441 imperatore
994 1362 1114 1428 quatuor
1135 1353 1187 1409 has

202 1453 248 1490 res
262 1434 355 1490 inesse
368 1442 507 1508 oportere,
521 1431 673 1489 scientiam
689 1430 731 1488 rei
750 1430 893 1501 militaris,
907 1430 1050 1500 virtutem,
1066 1432 1184 1488 auctori·

202 1521 300 1581 tatem,
316 1511 491 1568 felicitatem.
530 1509 630 1571 Quis
623 1509 710 1600 igitur
724 1510 779 1566 hoc
787 1508 1046 1566 hominescientior
1060 1528 1186 1583 unquam

155 1596 188 1649 15
203 1601 253 1647 aut
266 1591 329 1660 fuit,
339 1599 460 1649 autesse
473 1588 593 1646 debuitl
613 1589 699 1663 qui,e
712 1588 780 1645 ludo
789 1587 1010 1662 atquepueritiae
1024 1587 1186 1663 disciplina,

203 1669 278 1726 bello
290 1668 424 1757 maximo,
439 1677 523 1742 atque
538 1667 686 1725 acerrimis
700 1666 838 1736 hostibus,
853 1666 890 1723 ad
909 1665 997 1755 patris
1018 1666 1186 1736 exereitum,

203 1757 287 1843 atque
302 1746 332 1803 in
346 1746 455 1803 militie
469 1746 661 1835 disciplinam,
669 1744 814 1835 profectus
827 1754 886 1801 est·
879 1764 950 1818 qur
959 1744 1086 1801 extrema
1094 1764 1188 1820 puerr

202 1826 243 1883 tia
257 1824 339 1882 miles
352 1824 407 1882 fuit
420 1824 524 1881 summi
538 1824 732 1900 imperatoris3
753 1823 871 1880 ineunte
892 1822 1085 1881 adolescentia
1099 1823 1188 1879 maxi·

202 1904 242 1960 mi
256 1903 315 1979 ipse
329 1903 472 1961 exercitiis
485 1903 653 1992 imperator3
674 1903 723 1977 qui
737 1898 840 1991 saepilrs
860 1919 927 1958 cum
948 1902 1028 1958 hoste
1049 1901 1186 1973 conflixit,

110 2020 115 2025 -
151 1985 188 2038 ‘20
202 2000 287 2057 quam
301 1981 450 2071 qnisquam
465 2000 531 2038 cum
546 1981 664 2039 inimico
678 1980 868 2049 concertavit;
889 1980 972 2055 plura
992 1979 1068 2036 bella
1088 1980 1186 2056 gessit,

201 2058 287 2136 quam
302 2060 400 2118 caeteri
413 2060 561 2136 legerunt;
582 2060 678 2136 plures
698 2059 860 2148 provincias
881 2058 1016 2148 confecit,
1030 2056 1116 2132 qudm
1138 2058 1186 2115 alii

202 2139 442 2214 concupiverunt3
464 2139 546 2228 cujus
560 2138 753 2196 adolescentia
767 2139 804 2194 ed
817 2137 968 2194 seientiam
988 2156 1030 2194 rer
1022 2136 1186 2207 militaris,

202 2237 260 2276 non
282 2217 384 2274 alienis
404 2219 563 2294 preceptis,
586 2218 637 2274 sed
659 2217 718 2274 suis
745 2216 881 2292 imperiis,
903 2235 959 2273 non
983 2182 1187 2273 offensionibui

202 2296 281 2365 belli,
295 2297 346 2353 sed
359 2295 495 2366 victoriis,
512 2316 569 2353 non
583 2295 742 2371 stipendiis,
756 2295 807 2351 sed
827 2293 987 2369 triumphis,
1002 2303 1045 2350 est
1065 2294 1185 2351 erudita

151 2372 187 2426 25
200 2341 291 2437 Quod
304 2374 428 2448 denique
441 2393 534 2449 genus
547 2374 615 2431 belli
629 2393 692 2430 esse
704 2382 805 2449 potest,
820 2373 850 2429 in
863 2391 920 2448 quo
941 2372 1022 2430 illum
1038 2391 1095 2429 non
1109 2392 1187 2430 exer·

202 2453 295 2511 cuerit
309 2453 421 2511 fortuna
433 2453 619 2528 reipublicael
647 2451 751 2522 Civile,
761 2451 931 2508 Africanum
935 2449 1185 2526 ‚Transalpinum

201 2531 405 2608 Hispaniense,
420 2530 541 2588 mixtum
562 2551 599 2588 ex
614 2497 779 2588 civitatibirs
801 2539 885 2605 atque
907 2548 943 2586 ex
964 2529 1187 2586 bellicosissimis

201 2611 375 2679 nationibus,
389 2608 501 2680 servile,
516 2610 618 2666 navale
632 2609 749 2678 bellum,
771 2608 850 2665 varie
863 2618 892 2664 et
905 2607 1017 2664 diversa
1037 2626 1145 2697 genera
1158 2617 1186 2664 et

201 2687 340 2744 bellorum
354 2697 384 2745 et
397 2655 531 2757 hostiuin,
546 2707 603 2744 non
617 2685 710 2744 solum
723 2695 805 2762 gesta
819 2685 855 2742 ab
869 2686 924 2743 hoc
945 2705 1012 2755 uno,
1027 2687 1078 2742 sed
1099 2686 1186 2742 etiam
1238 2719 1243 2725 ·

150 2772 187 2827 30
202 2765 343 2834 confecta,
358 2764 467 2821 nullam
480 2783 541 2822 rem
555 2784 618 2822 esse
640 2764 817 2821 declarant
810 2783 840 2820 ιιι
853 2782 908 2820 usu
925 2763 1042 2820 militari
1054 2764 1186 2840 positam,

201 2862 265 2918 quae
279 2842 364 2918 hujus
378 2842 431 2898 viri
445 2843 595 2899 scientiam
610 2843 710 2917 sugere
723 2842 818 2917 possit.

241 2921 297 2978 XI.
326 2920 393 2977 Jam
415 2918 482 2977 verb
504 2921 602 2977 virtuti
623 2920 679 2976 Cn.
694 2920 823 2996 Pompeii
844 2938 908 2993 quae
928 2929 1019 2995 potest
1032 2939 1083 2995 par
1096 2920 1187 2977 oratio

202 2999 343 3056 invenirit
365 2998 434 3073 quid
451 3008 504 3069 est,
518 2999 593 3072 quod
606 2998 756 3073 quisquam
776 3007 825 3055 aut
838 2999 957 3074 dignum
971 2998 1029 3068 illo,
1045 3009 1094 3055 aut
1108 2999 1186 3056 vobis

201 3096 316 3147 novum,
331 3087 380 3135 aut
393 3076 528 3151 cuiquam
543 3077 714 3147 inauditum,
728 3078 816 3152 possit
830 3077 952 3134 afferrel
991 3076 1094 3151 Neque
1108 3078 1185 3134 enim

150 3160 186 3214 35
202 3156 257 3213 illae
271 3166 337 3212 sunt
350 3155 417 3213 solae
433 3155 551 3212 virtutes
565 3156 762 3230 imperatoriae,
784 3173 847 3230 quse
870 3153 955 3230 vulgb
978 3155 1185 3225 existimantur,

201 3235 280 3292 labor
294 3235 324 3293 in
338 3234 462 3309 negotio,
477 3234 611 3292 fortitudo
632 3234 662 3290 in
683 3234 829 3309 perieulis,
851 3233 992 3290 industria
1013 3233 1043 3290 in
1064 3233 1185 3309 agendo,

201 3313 334 3371 celeritas
348 3313 378 3369 in
392 3312 581 3382 conficiendo,
596 3312 747 3369 consilium
769 3313 799 3369 in
812 3312 1001 3387 providend03
1022 3330 1085 3385 quae
1106 3321 1185 3368 tanta

201 3401 267 3451 sunt
282 3392 312 3449 in
327 3393 381 3449 boc
395 3410 462 3461 uno,
483 3403 591 3467 quanta
613 3391 642 3447 in
663 3391 796 3448 omnibus
819 3389 936 3464 reliquis
957 3389 1184 3466 imperatoribus,

201 3489 271 3545 quos
286 3481 335 3528 aut
347 3470 471 3526 vidimus
486 3481 534 3527 aut
549 3469 719 3540 audivimus,
734 3489 790 3527 non
805 3468 928 3525 suerunt.

150 3547 186 3600 40
241 3548 340 3606 Testis
353 3559 397 3606 est
410 3548 505 3618 Italia,
519 3566 605 3623 quam
624 3548 672 3605 ille
687 3548 746 3623 ipse
760 3547 859 3618 victor,
873 3547 907 3603 L.
923 3545 1014 3616 Sulla,
1028 3545 1113 3621 hujus
1133 3546 1186 3604 vir-

193 3635 262 3684 „tnte
276 3637 305 3683 et
319 3627 445 3684 subsidio
459 3628 605 3684 confessus
625 3636 668 3683 est
689 3627 847 3683 liberatam.
889 3623 988 3681 Testis
1009 3635 1053 3681 est
1074 3625 1184 3694 Sicilia,

201 3723 297 3778 quam,
313 3704 409 3760 multis
423 3705 549 3779 undique
562 3704 688 3761 cinctam
702 3705 847 3779 periculis,
856 3723 913 3760 non
927 3713 1034 3760 terrore
1048 3702 1126 3773 belli,
1136 3669 1184 3760 setl

202 3782 349 3839 celeritate
364 3782 475 3839 consilii
478 3783 654 3870 ,explicavit
696 3782 794 3840 'lestis
808 3793 852 3839 est
865 3781 976 3850 Africa,
991 3799 1064 3855 quae,
1074 3781 1187 3857 magnis

200 3878 334 3936 oppressa
347 3860 471 3917 hostium
485 3860 583 3935 copiis,
597 3878 696 3917 eorum
716 3861 838 3935 ipsorum
853 3859 994 3936 sanguine
1007 3859 1183 3918 redundavit
