2658 4468
353 344 490 396 ORATIO
512 343 583 393 I'RO
604 343 636 394 Τ.
657 342 772 393 ANNIO
794 342 944 392 MILONE
1138 344 1196 405 113

149 493 218 550 deur
240 510 303 549 esse
324 490 442 571 factam,
457 488 579 547 consilio
598 487 666 546 verb
687 487 803 564 majoris
824 486 955 563 alicujus.
997 485 1144 544 Videlicet

150 591 199 628 me
220 572 359 628 latronem
374 589 410 626 ac
424 568 562 626 sicarium
577 568 681 642 abjecti
695 568 825 624 homines
839 578 868 622 et
881 566 986 642 perditi
999 565 1144 622 describe-

152 651 231 706 bant
272 649 379 705 Jacent
399 648 459 704 suis
479 647 642 704 testibus''
624 666 655 717 11,
679 647 728 720 qui
750 647 885 704 Clodium
907 655 1016 721 negant
1038 664 1073 702 eo
1096 645 1144 701 dia

151 728 328 798 Romam,
300 748 356 784 msr
348 727 407 784 de
421 727 499 802 Cyro
513 725 650 796 audisset,
662 725 750 782 fuisse
760 725 929 782 rediturum.
971 724 1143 799 Respiravi:

150 807 290 864 liberatus
311 825 391 862 sum:
422 825 480 863 non
501 824 610 875 vereor,
631 824 679 875 ne,
699 805 775 880 quod
798 823 836 861 ne
860 803 1000 880 suspicari
1026 803 1144 877 quidem
1177 803 1197 857 5

149 887 303 961 potuerim,
318 885 416 941 videar
431 884 460 940 id
475 884 626 960 cogitasse.

190 964 282 1022 Nunc
301 982 455 1039 persequar
476 974 598 1020 caetera:
619 981 688 1020 nam
708 961 836 1020 occurrit
857 961 944 1018 illud:
965 981 1003 1018 ne
1024 961 1145 1019 Clodius

150 1044 269 1119 quidem
290 1044 326 1100 de
347 1042 459 1099 insidiis
479 1042 626 1117 cogitavit,
641 1042 776 1116 quoniam
791 1041 845 1098 fuit
858 1041 888 1098 in
903 1040 1018 1097 Albano
1031 1059 1145 1097 mansu·

151 1142 212 1192 rus,
227 1121 369 1196 siquidem
385 1122 514 1177 exiturus
535 1121 571 1176 ad
592 1121 702 1177 caedem
716 1140 733 1176 e
747 1120 815 1176 villis
828 1139 886 1177 non
901 1120 1009 1177 suisset.
1031 1154 1033 1159 »
1050 1119 1145 1176 Video

151 1202 242 1271 enim,
257 1201 348 1270 illum,
362 1200 411 1274 qui
425 1200 532 1257 dicitur
547 1200 583 1256 de
597 1199 667 1274 Cyri
682 1209 772 1256 morte
786 1199 946 1267 nuntiasse,
957 1218 1014 1255 non
1028 1198 1059 1255 id
1073 1218 1145 1255 nun·
1163 1201 1197 1255 1⁰

40 1282 47 1289 '
151 1280 250 1350 titisse,
265 1280 316 1336 sed
337 1278 478 1335 Milonem
500 1279 741 1354 appropinquare:
762 1296 830 1334 nam
844 1278 963 1353 quidde
981 1277 1059 1353 Cyro
1072 1297 1145 1335 nun·

150 1359 246 1428 tiaret,
260 1376 346 1433 quern
368 1357 499 1428 Clodius,
521 1357 618 1414 Romi
637 1357 833 1433 proficiscens,
847 1357 1002 1431 reliquerat
1022 1357 1145 1414 morien·

150 1439 231 1495 teml
274 1437 340 1495 Una
354 1437 413 1493 fui:
435 1446 638 1494 testamentum
659 1436 745 1492 simul
764 1436 913 1512 obsignavi
934 1455 1001 1493 cum
1021 1436 1143 1494 Clodio:

150 1525 356 1574 testamentum
371 1526 468 1573 autem
481 1513 577 1591 paldm
598 1514 715 1586 fecerat,
731 1524 760 1572 et
778 1514 860 1571 illum
874 1516 1028 1586 haeredem,
1043 1525 1073 1572 et
1086 1534 1143 1586 me,

151 1595 313 1671 scripserat.
354 1594 456 1656 Quem
476 1594 569 1669 pridie
586 1594 660 1661 ¹horis
681 1594 765 1650 tertii
780 1593 906 1650 animam
920 1594 1065 1652 efflantem
1079 1594 1145 1652 reli·
1162 1597 1197 1652 1⁵

150 1675 269 1749 quisset,
291 1693 359 1731 eum
388 1682 534 1732 mortuum
556 1673 694 1749 postridie
722 1671 793 1730 horai
819 1672 935 1730 decimat
963 1673 1088 1748 denique
1117 1673 1146 1731 ei

151 1753 362 1810 nuntiabaturl

192 1831 281 1888 XIX.
316 1832 392 1922 Age,
407 1831 444 1888 sit
465 1830 505 1888 ita
526 1830 653 1889 factum:
674 1849 737 1920 quae
758 1850 857 1902 causa,
872 1851 924 1889 cur
942 1830 1069 1889 Romam
1082 1851 1146 1908 pro-

154 1912 288 1985 peraretl
310 1912 412 1968 curin
431 1921 548 1968 noctem
568 1929 599 1966 se
620 1910 798 1985 conjiceretl
819 1911 889 1985 quid
909 1910 1047 1968 afferebat
1062 1909 1146 1988 [cau-

157 1990 232 2067 sam]
259 1988 468 2046 festinationisl
498 1986 576 2065 quod
597 1989 689 2046 haeres
709 1991 792 2047 eratl
822 1988 963 2061 Primum,
977 2000 1039 2047 erat
1062 1990 1144 2061 nihil,
1161 2000 1198 2055 20

157 2086 210 2124 cur
223 2078 372 2143 properato
384 2087 454 2143 opus
467 2077 558 2125 esset:
580 2067 732 2139 deinde,
710 2087 735 2125 si
754 2068 824 2158 quid
845 2079 930 2139 esset,
944 2069 1014 2144 quid
1028 2035 1146 2126 tandeui

155 2156 228 2216 erat,
243 2147 319 2222 quod
339 2147 373 2204 ed
394 2157 479 2205 nocte
496 2146 633 2222 consequi
646 2156 751 2222 posset,
767 2147 910 2206 amitteret
925 2158 1030 2218 autem,
1045 2148 1070 2204 si
1083 2167 1146 2224 pos·

154 2225 240 2283 tridie
261 2224 347 2282 mand
368 2226 494 2285 Romam
514 2226 661 2283 venissetl
695 2227 803 2302 Atque,
817 2237 850 2284 ut
869 2226 912 2284 illi
931 2237 1090 2284 nocturnus
1109 2227 1146 2284 ad

152 2304 262 2363 Urbem
285 2306 424 2362 adventus
437 2304 571 2363 vitandus
589 2303 686 2381 potiris
707 2304 794 2382 qudm
814 2305 990 2381 expetendus
1010 2305 1081 2374 fuit;
1103 2305 1146 2363 sic

152 2384 267 2454 Miloni,
283 2382 351 2441 cirin
365 2385 516 2443 insidiator
531 2394 616 2456 esset,
631 2384 656 2442 si
670 2383 752 2441 illum
767 2384 803 2440 ad
824 2384 932 2442 Urbem
946 2394 1034 2440 noctu
1049 2402 1146 2441 acces·
1162 2391 1199 2446 25

151 2482 251 2520 surum
265 2464 386 2534 sciebat,
401 2464 612 2521 subsidendum
627 2474 712 2538 atque
726 2463 951 2539 exspectandum
965 2462 1027 2519 suit.
1069 2463 1147 2521 Noc·

151 2551 193 2613 tu,
208 2543 348 2600 invidioso
368 2553 398 2600 et
416 2542 503 2618 pleno
522 2542 695 2601 latronum
688 2562 719 2599 ιιι
738 2542 812 2613 loco,
827 2540 998 2598 occidisset:
1019 2561 1105 2599 nemo
1118 2543 1146 2600 ei

151 2623 271 2698 neganti
285 2641 342 2679 non
357 2622 539 2692 credidisset,
554 2641 640 2699 quem
654 2641 717 2679 esse
731 2640 832 2679 omnes
845 2620 966 2691 salvum,
977 2622 1065 2679 etiam
1080 2641 1147 2680 con·

151 2700 291 2772 fitentem,
306 2701 412 2759 volunt.
456 2667 649 2759 sustinuisset
669 2701 725 2759 hoc
745 2701 856 2759 crimen
876 2698 1001 2777 primirm
1022 2701 1083 2778 ipse
1098 2702 1146 2760 illa

152 2747 296 2837 latronuni
317 2780 477 2838 occultator
499 2789 529 2837 et
552 2790 711 2856 receptator
732 2781 824 2852 locus,
848 2781 918 2839 dum
944 2801 1039 2856 neque
1066 2792 1146 2839 muta
1162 2794 1199 2849 30

152 2858 276 2917 solitudo
297 2859 465 2930 indicasset,
486 2878 581 2934 neque
604 2879 685 2917 caeca
710 2880 768 2918 nox
793 2861 965 2919 ostendisset
987 2861 1145 2919 Milonem.

152 2937 258 2996 deinde
279 2937 319 2995 ibi
340 2939 424 2996 multi
446 2938 482 2996 ab
503 2937 552 2996 illo
572 2939 678 3010 violati,
694 2941 816 3016 spoliati,
831 2941 913 2998 bonis
927 2941 1047 3017 expulsi,
1063 2941 1146 2997 multi

153 3018 241 3074 etiam
262 3019 325 3074 haec
346 3018 491 3088 timentes,
506 3018 536 3075 in
551 3019 743 3095 suspicionem
764 3020 919 3090 caderent3
940 3030 1000 3078 tota
1020 3021 1145 3095 denique

152 3116 202 3154 rea
223 3097 360 3154 citaretur
382 3096 508 3154 Etruria.
550 3099 647 3174 Atque
668 3099 717 3157 illo
735 3098 782 3156 die
797 3097 887 3169 certe,
902 3099 1005 3156 Aricia
1019 3100 1143 3169 rediens,

152 3175 269 3232 divertit
283 3176 402 3233 Clodius
419 3174 470 3252 [ad
484 3177 540 3256 se,]
557 3178 593 3234 ad
608 3178 765 3235 Albanum.
805 3176 908 3247 Quod,
923 3188 955 3234 ut
968 3178 1055 3234 sciret
1073 3177 1146 3234 Milo
1162 3183 1198 3238 35

153 3253 234 3310 ἰΙΙιιιιι
255 3255 364 3311 Ariciae
385 3255 482 3324 fuisse,
504 3256 644 3331 suspicari
664 3268 762 3314 tamen
783 3254 893 3326 debuit,
914 3275 991 3326 eum,
1012 3256 1100 3313 etiam
1121 3256 1145 3313 si

153 3332 279 3389 Romam
294 3333 343 3392 illo
356 3334 404 3391 die
417 3335 521 3391 reverti
535 3335 630 3407 vellet,
646 3336 683 3393 ad
697 3335 791 3392 villam
810 3354 902 3405 suam,
917 3353 980 3408 quae
994 3334 1071 3390 viam
1084 3345 1147 3391 tan·

152 3421 243 3487 geret,
259 3411 447 3471 diversarum.
489 3414 549 3472 Cur
570 3435 664 3491 neque
685 3412 753 3472 ante
767 3414 905 3483 occurrit,
920 3432 957 3469 ne
972 3413 1042 3470 ille
1035 3432 1065 3469 ιιι
1078 3412 1146 3470 villa

152 3490 310 3561 resideret;
331 3511 396 3550 uec
406 3512 442 3550 eo
462 3492 493 3550 in
516 3493 580 3553 loco
601 3494 740 3564 subsedit,
755 3511 812 3567 quo
831 3492 880 3549 ille
901 3501 990 3549 noctu
1011 3501 1147 3550 venturus

152 3571 252 3627 essetl
1163 3588 1199 3643 40

192 3649 288 3706 Video
309 3650 405 3708 adhuc
426 3661 558 3710 constare
577 3651 675 3710 omnia
677 3651 829 3728 ,judices:
851 3650 955 3708 Miloni
972 3650 1061 3708 etiam
1075 3652 1146 3711 utile

152 3726 242 3785 tuisse
257 3727 431 3785 Clodium
406 3749 517 3800 vivere3
540 3731 591 3803 illi,
608 3732 644 3789 ad
664 3750 700 3788 ea
719 3750 782 3806 quae
797 3731 992 3807 concupierat,
1007 3731 1147 3807 optatissi-

151 3825 231 3863 mum
248 3806 395 3864 interitum
416 3775 552 3866 Milonis.
573 3810 671 3869 odium
690 3811 778 3868 fuisse
793 3810 891 3867 illius
884 3829 914 3867 ιιι
929 3811 1008 3869 hunc
1023 3812 1147 3870 acerbis-

150 3885 268 3957 simum,
284 3885 314 3943 in
334 3886 521 4023 illurpolprjus
541 3889 669 3948 nullum:
690 3891 931 3948 consuetudinem
951 3890 1029 3948 illius
1048 3910 1146 3969 perpe-
