2702 4464
405 292 542 387 orario
563 337 611 388 iv.
629 337 671 389 ιιι
693 296 735 388 ns
747 335 959 386 οιιιιιιιιιι.
1188 343 1229 402 37

187 481 302 540 summa
321 480 472 538 severitate
492 490 628 538 versatur.
671 479 755 538 Alter
775 499 834 550 eos,
854 478 976 554 quinos
996 496 1105 549 omnes,
1126 477 1177 553 qui

186 561 322 649 populum
342 559 520 629 Romanum,
534 560 592 617 viti
611 559 723 634 privare
744 559 840 616 conati
860 567 927 614 sunt
928 577 1001 632 ,qur
992 557 1132 613 delere
1125 575 1177 613 rm·

186 639 308 728 perium,
320 657 369 712 qur
361 638 477 713 'populi
488 638 616 695 Romani
626 656 732 695 nomen
746 637 939 726 exstinguere,
951 644 1093 710 punctum
1106 644 1177 692 tem·

186 718 263 794 poris
281 710 339 773 'frui
352 717 421 786 vita,
435 726 465 773 et
484 717 540 774 hoc
560 715 706 774 communi
726 715 837 791 spiritu,
851 734 909 772 non
924 723 1006 803 putat
1026 722 1175 789 oportere;

121 845 123 850 s
188 804 273 870 utque
287 795 342 852 boc
356 814 448 870 genus
461 814 552 871 poenae
566 813 641 870 saepe
662 795 693 851 in
713 792 894 871 improbos'
869 811 947 850 cives
960 792 991 849 in
1004 792 1061 848 hac
1075 792 1176 867 repub-
1209 788 1228 840 5

186 873 245 930 lica
265 892 329 930 esse
349 883 517 948 usurpatum
537 874 713 930 recordatur
754 872 838 928 Alter
858 870 1003 946 intelligit,
1017 879 1138 926 mortem
1157 887 1177 926 a

187 951 252 1008 Diis
266 951 475 1008 immortalibus
496 970 554 1008 non
575 970 638 1008 esse
660 949 793 1024 supplicii
814 967 903 1006 causa
917 948 1110 1037 constitutam,
1124 948 1176 1004 sed

188 1039 237 1086 aut
250 1029 455 1087 necessitatem
468 1038 588 1099 naturae,
604 1038 653 1085 aut
666 1029 796 1087 laborum
811 1046 846 1083 ac
859 1027 1039 1083 miseriarum
1050 1026 1176 1099 quictem

169 1140 172 1145 ·
186 1126 258 1164 esse.
293 1106 397 1181 Itaque
407 1126 472 1164 eam
483 1107 626 1182 sapientes
636 1124 784 1201 nunquam
798 1104 890 1174 inviti,
900 1104 986 1163 fortes
999 1105 1087 1161 etiam
1101 1123 1176 1179 saepe

185 1185 319 1255 libenter,
334 1185 539 1260 oppetiverunt.
579 1185 707 1244 Vincula
720 1179 798 1253 verb,
813 1193 843 1239 et
856 1202 891 1240 ea
904 1182 1086 1257 sempiterna,
1095 1181 1174 1239 certe
1194 1182 1228 1235 10

187 1263 223 1319 ad
234 1263 410 1339 singularem
418 1281 533 1339 poenam
541 1263 644 1320 nefarii
653 1261 787 1319 sceleris
780 1270 897 1318 inventa
905 1270 979 1317 sunt
1021 1259 1176 1350 Municipi-

186 1341 211 1397 is
224 1341 368 1417 dispertiri
379 1340 469 1415 jubet.
511 1341 629 1398 Habere
639 1340 771 1397 videtur
763 1349 819 1396 rsta
831 1359 878 1396 res
892 1338 1081 1413 iniquitatem,
1091 1339 1115 1396 si
1124 1340 1176 1396 im·

185 1437 286 1493 perere
306 1419 395 1487 velis3
416 1419 666 1508 dillicrrltatem,s1
681 1436 791 1494 rogare.
833 1417 1016 1475 Decernatur
1028 1426 1135 1487 tamen,
1150 1418 1175 1474 si

185 1497 288 1572 placet
330 1462 395 1573 Ego'
414 1497 493 1554 enim
513 1497 678 1572 suscipiam,
693 1506 731 1567 et,
746 1505 779 1552 ut
798 1514 890 1571 spero,
904 1495 1055 1571 reperiam,
1070 1495 1119 1570 qui
1134 1496 1174 1566 id,

185 1576 261 1649 quod
281 1576 381 1632 salutis
401 1575 530 1632 omnium
551 1574 640 1632 causi
660 1574 826 1645 statueritis,
841 1593 899 1631 non
918 1583 1019 1650 putent
1039 1592 1102 1631 esse
1116 1592 1174 1631 suae
1193 1573 1228 1627 15

185 1654 336 1729 dignitatis
349 1672 493 1710 recusare

225 1732 368 1821 Adjungit
381 1750 498 1807 gravem
505 1749 620 1807 poenam
634 1728 870 1806 municipibus,
847 1750 872 1786 er
880 1749 944 1805 quis
952 1748 1051 1788 eorum
1059 1729 1176 1788 vincula

76 1862 81 1868 ,
184 1811 309 1899 ruperit:
331 1810 482 1868 horribiles
499 1810 644 1867 custodias
661 1810 838 1878 circumdat;
859 1819 889 1866 et
902 1810 990 1884 digna
1004 1809 1113 1865 scelere
1127 1809 1176 1865 bo·

184 1889 296 1946 minum
309 1889 485 1964 perditorum
505 1888 616 1945 sancit:
637 1907 674 1945 ne
688 1887 752 1962 quis
773 1906 872 1944 eorum
885 1906 1010 1963 poenam,
1024 1905 1095 1961 quos
1109 1905 1176 1944 con·

185 1967 311 2032 demnat,
333 1976 383 2023 aut
409 1986 460 2042 per
487 1977 620 2023 senatum
641 1975 691 2023 aut
716 1985 766 2040 per
787 1966 933 2042 populum,
954 1965 1049 2022 levare
1068 1965 1173 2040 possit:
1190 1971 1227 2026 ιθ

185 2052 269 2119 eripit
288 2045 377 2102 etiam
397 2063 487 2120 spem,
508 2064 571 2120 quae
592 2044 653 2101 sola
673 2044 819 2103 hominem
839 2045 869 2101 in
890 2044 1013 2100 miseriis
1033 2043 1174 2100 consolari

183 2123 263 2183 solet.
304 2123 387 2180 Bona
405 2133 544 2199 praeterea
559 2123 701 2198 publicari
714 2121 813 2197 jubet:
835 2123 922 2179 vitam
936 2122 1025 2180 solam
1039 2122 1175 2197 relinquit

183 2201 302 2259 nefariis
316 2201 480 2258 hominibus
488 2221 496 2270 ;
517 2220 603 2276 quam
618 2200 642 2258 si
657 2201 817 2276 eripuisset,
835 2199 976 2277 [multos]
993 2220 1051 2258 uno
1066 2201 1173 2271 dolore,

185 2279 275 2335 animi
296 2289 381 2353 atque
401 2279 536 2354 corporis,
543 2289 580 2349 ,et
599 2297 699 2337 omnes
719 2279 861 2337 scelerum
880 2297 989 2355 poenas,
1011 2278 1173 2335 ademisset.

185 2355 288 2430 Itaque
302 2367 334 2413 ut
349 2358 443 2431 aliqua
463 2358 493 2413 in
513 2357 572 2413 vitri
593 2357 714 2414 formido
734 2357 869 2432 improbis
889 2366 964 2414 esset
977 2356 1084 2445 posita,
1099 2357 1174 2444 apud
1190 2363 1227 2417 25

185 2434 293 2490 inferos
301 2434 441 2508 ejusmodi
450 2435 580 2509 quaedam
591 2435 635 2491 illi
643 2435 753 2508 antiqui
763 2434 923 2509 supplicia
917 2435 1011 2509 impiis
1020 2433 1176 2491 constituta

185 2530 249 2567 esse
263 2512 429 2581 voluerunt3
450 2510 528 2587 quiid
542 2513 676 2570 videlicet
690 2512 899 2613 intelligebant,
912 2512 959 2568 his
977 2512 1102 2583 remotis,
1116 2532 1174 2569 non

185 2607 249 2646 esse
263 2600 384 2651 mortem
398 2590 489 2665 ipsam
502 2591 833 2665 pertimescendam,

224 2667 260 2724 V.
295 2667 395 2739 Nunc,
415 2669 517 2726 Patres
544 2669 717 2744 conscripti,
739 2687 802 2744 ego,
823 2667 898 2739 met,
920 2667 1012 2740 video,
1034 2666 1139 2744 quid'
1132 2688 1174 2727 m·

185 2746 273 2802 tersit.
315 2747 348 2803 Si
375 2747 454 2803 eritis
481 2747 574 2804 secuti
601 2747 774 2804 sententiam
801 2746 835 2803 C.
865 2747 1004 2817 Caesaris3
1038 2747 1173 2822 quoniam
1190 2755 1227 2810 30

185 2824 261 2880 hanc
275 2824 299 2881 is
314 2824 344 2882 in
358 2824 505 2900 republicis
519 2825 605 2896 viam,
616 2844 679 2900 quae
692 2824 836 2900 popularis
849 2826 980 2896 habetur,
992 2837 1109 2892 secutus
1120 2836 1173 2898 est,

185 2901 303 2958 fortasse
317 2902 413 2959 mimis
427 2913 521 2973 erunt,
530 2904 587 2960 hoc
602 2913 719 2960 auctore
733 2911 762 2959 et
775 2903 922 2993 cognitore
932 2904 1052 2979 hujusce
1061 2916 1175 2962 senten·

183 2980 241 3049 tiae,
252 2980 323 3037 mihi
337 2981 504 3055 populares'
498 2990 621 3056 impetus
630 2981 871 3070 pertimescendi:
892 2982 936 3038 sin
948 2982 1027 3039 illam
1038 2983 1173 3052 alteram;

183 3057 292 3128 nescio,
315 3077 352 3115 an
380 3059 501 3139 amplius
529 3059 601 3116 mihi
629 3059 737 3135 negotii
762 3061 955 3118 contrahatur.
997 3062 1056 3119 Sed
1076 3071 1173 3118 tamen

184 3153 313 3192 meorum
325 3126 519 3211 periculorum
533 3137 658 3195 rationes
672 3138 781 3193 utilitas
795 3139 960 3213 reipublicae
973 3139 1079 3197 vincat.
1114 3139 1174 3197 Ha·
1189 3142 1226 3197 35

184 3213 285 3270 bemus
305 3214 382 3271 enim
404 3232 422 3269 a
442 3214 476 3271 C.
498 3215 614 3272 Caesare
634 3214 745 3292 (sicut
738 3216 826 3305 ipsius
841 3217 975 3292 dignitas,
990 3228 1019 3274 et
1033 3218 1173 3293 majorum

183 3290 246 3364 ejus
255 3292 359 3380 amplit
348 3292 426 3362 tudo,
440 3293 614 3371 postulabat)
631 3295 802 3351 sententiam
805 3304 960 3369 tanquam
969 3296 1098 3352 obsidem
1111 3316 1175 3371 per·
1262 3312 1264 3316 ·

183 3379 285 3458 petuae
296 3370 326 3426 in
333 3337 548 3446 ‘rempirblicam
568 3372 730 3430 voluntatis.
772 3339 958 3429 Iritellectum
978 3382 1022 3429 est
1024 3373 1139 3447 ,quid
1132 3393 1175 3430 m·

183 3447 265 3503 tersit
279 3447 352 3504 inter
366 3449 512 3506 levitatem
527 3451 771 3522 concionatorum,
786 3459 816 3508 et
837 3451 965 3507 animum
979 3468 1045 3507 vere
1034 3449 1175 3528 popula·

185 3543 256 3594 rem,
271 3525 355 3582 saluti
369 3526 464 3604 populi
479 3529 685 3585 consulentem.
1189 3532 1226 3588 40

224 3569 327 3673 Video,
342 3604 406 3660 de
399 3605 461 3662 istis
480 3606 529 3694 qui
550 3625 581 3663 se
600 3605 750 3680 populares
764 3606 865 3664 haberi
878 3605 986 3677 volunt,
1002 3606 1102 3667 abesse
1115 3628 1173 3667 non

185 3680 391 3752 neminemne
406 3674 442 3740 de
457 3683 550 3759 capite
564 3684 699 3740 videlicet
721 3685 828 3741 civium
840 3652 1047 3776 Romandrum
1061 3698 1174 3746 senten·

185 3759 253 3815 tiam
268 3759 348 3817 ierat.
391 3761 421 3818 Is
435 3771 464 3818 et
477 3761 706 3819 nudiustertius
699 3782 729 3819 ιιι
746 3764 953 3821 custodiam
927 3784 1005 3823 cives
1025 3766 1174 3823 Romanos

181 3837 273 3911 ledit,
291 3849 321 3895 et
341 3839 580 3974 supplicationem
601 3840 679 3897 mihi,
695 3841 832 3913 decrevit,
854 3854 884 3900 et
904 3843 1017 3901 indices
1041 3845 1174 3901 hesterno
