2658 4468
155 368 214 429 144
456 366 592 419 ORATIO
615 367 653 417 IN
675 367 712 417 Μ.
736 366 940 417 ANTONIUM.

245 509 285 568 Ut
298 510 386 587 igitur
400 509 430 568 in
444 510 603 568 seminibus
616 521 660 568 est
673 530 762 568 causa
783 511 916 570 arborum
937 520 967 569 et
986 511 1129 588 stirpium,
1150 513 1198 571 sic

207 589 292 664 hujus
304 588 509 647 luctuosissimi
523 589 592 646 belli
605 609 704 647 semen
727 601 760 647 tn
782 590 869 647 fuisti.
911 590 1023 648 Doletis
1036 602 1095 648 tres
1115 611 1197 649 erer-

207 667 282 725 citus
294 668 391 744 populi
406 667 533 725 Romani
554 667 742 726 interfectos?
773 668 917 726 interfecit
940 670 1094 726 Antonius.
1137 670 1197 727 De·

205 746 338 803 sideratis
352 746 526 804 clarissimos
539 746 639 804 civesl
660 766 709 805 eos
731 766 843 822 quoque
856 747 961 823 eripuit
977 747 1057 804 vobis
1070 748 1197 806 Antoni·

169 835 248 886 5us.
290 824 457 882 Auctoritas
470 823 556 899 hujus
566 825 677 883 ordinis
698 825 804 882 afflicta
824 826 887 883 estl
918 825 1018 883 affluit
1039 826 1195 884 Antonius.

206 902 315 960 Omnia
328 903 462 979 denique,
476 921 540 978 quc
553 913 651 978 postea
664 903 797 973 vidimus,
822 902 905 978 (quid
928 913 1025 961 autem
1047 905 1116 962 mali
1137 925 1196 964 non

206 981 330 1039 vidimus
340 983 367 1061 l)
394 982 419 1039 si
439 980 519 1040 recte
541 981 787 1052 ratiocinabimur,
811 983 862 1040 uni
890 992 1011 1058 accepta
1036 983 1196 1042 referemus

207 1061 344 1119 Antonio.
398 1060 438 1119 Ut
458 1060 574 1117 Helena
599 1060 744 1136 Troianis,
771 1061 815 1118 sic
841 1061 895 1118 iste
921 1061 991 1119 huic
1017 1061 1195 1137 reipublice,

207 1158 297 1197 causa
319 1139 397 1210 belli,
412 1157 501 1197 causa
522 1138 611 1214 pestis
632 1149 717 1213 atque
738 1139 828 1208 exitii,
843 1140 905 1197 fuit.
946 1139 1079 1215 Reliquae
1099 1151 1197 1215 partes

155 1224 190 1278 1⁰
207 1219 371 1276 tribunatus
383 1217 523 1293 principio
536 1217 652 1275 similes.
685 1217 802 1287 ⁵Omnia
823 1217 954 1294 perfecit,
978 1236 1052 1292 quae,
1067 1229 1195 1290 senatus,

207 1297 286 1353 salvi
312 1297 460 1370 republica
480 1315 518 1353 ne
538 1295 601 1353 fieri
619 1306 743 1372 possent,
769 1296 938 1372 perfecerat.
980 1296 1072 1372 Cujus
1097 1307 1196 1355 tamen

208 1375 265 1431 scel
270 1394 302 1430 us
316 1374 346 1431 in
360 1374 469 1432 scelere
482 1374 657 1450 cognoscite.

247 1451 368 1510 XXIII.
403 1452 589 1510 Restituebat
621 1452 725 1510 multos
751 1452 949 1511 calamitosos:
980 1452 1008 1511 in
1036 1453 1082 1510 his
1100 1454 1197 1529 patrui

207 1531 288 1589 nulla
307 1532 422 1589 mentio.
464 1532 497 1589 Si
524 1550 650 1602 severus,
678 1550 730 1589 cur
756 1551 814 1589 non
841 1531 872 1589 in
894 1533 1016 1589 omnesl
1040 1532 1065 1589 si
1086 1532 1198 1590 miseri·

156 1613 191 1667 15
209 1630 282 1679 cors,
309 1629 361 1667 cur
387 1630 445 1668 non
472 1610 502 1668 in
529 1611 615 1667 suosl
656 1610 716 1667 Sed
741 1610 841 1668 omitto
867 1620 994 1668 ceteros.
1049 1610 1199 1668 Licinium

208 1689 404 1759 Denticulam,
427 1689 463 1746 de
487 1689 550 1746 alefa
574 1689 806 1759 condemnatum,
830 1689 1000 1747 collusorem
1024 1707 1119 1759 suum,
1141 1709 1200 1747 res·

208 1768 302 1825 tituit:
323 1768 405 1842 quasi
418 1765 486 1824 verd
500 1767 599 1825 ludere
613 1785 681 1824 cum
704 1768 895 1825 condemnato
916 1787 975 1825 non
997 1767 1118 1826 liceret:
1147 1769 1199 1825 sed

210 1855 250 1915 ut,
284 1846 360 1920 quod
393 1846 424 1903 in
458 1846 521 1903 alefa
546 1846 720 1920 perdiderat,
747 1845 890 1904 beneficio
914 1846 988 1923 legis
1021 1846 1197 1904 dissolveret

208 1923 309 1985 Quam
331 1923 450 1981 attulisti
473 1923 614 1982 rationem
636 1924 740 2000 populo
762 1924 907 1995 Bouiano,
922 1944 974 1982 cnr
995 1944 1063 1982 eum
1084 1925 1198 1983 restitui

156 2007 192 2064 20
208 2004 371 2077 oporteretl
393 2004 541 2060 absentem
563 2002 678 2081 (credo)
704 2003 734 2060 in
757 2022 821 2060 reos
843 2002 982 2068 relatum;
1003 2022 1064 2061 rem
1086 2000 1199 2061 indicti

210 2080 299 2138 causi
327 2081 505 2156 judicatam
539 2081 651 2138 nullum
677 2080 766 2138 fuisse
793 2082 829 2139 de
857 2081 920 2138 alei
947 2082 1012 2158 lege
1036 2082 1197 2157 judicium:

209 2159 237 2216 vi
251 2178 425 2235 oppressum,
449 2169 478 2216 et
500 2159 602 2229 armis;
623 2161 776 2234 postremo,
792 2160 882 2237 (quod
904 2161 941 2218 de
962 2169 1065 2236 patruo
1085 2170 1137 2218 tuo
1157 2161 1199 2217 di-

209 2239 343 2314 cebatur)
365 2238 490 2313 pecunia
513 2237 657 2313 juditium
678 2257 741 2295 esse
768 2249 941 2314 corruptum.
982 2237 1065 2295 Nihil
1086 2239 1197 2296 horum.

210 2318 252 2375 At
278 2317 320 2375 vir
347 2318 447 2388 bonus,
475 2325 504 2374 et
530 2316 678 2392 republicd
702 2316 814 2392 dignus.
866 2316 948 2374 Nihil
971 2316 1000 2374 id
1021 2317 1139 2392 quidem
1161 2315 1215 2374 ad

157 2403 193 2457 25
210 2415 289 2454 rem:
324 2415 379 2472 ego
403 2406 510 2465 tamen,
537 2394 672 2471 quoniam
699 2395 921 2453 condemnatum
941 2415 1004 2453 esse
1029 2414 1082 2470 pro
1107 2395 1199 2454 nihilo

210 2486 263 2544 est,
278 2475 301 2532 si
324 2475 365 2532 ita
387 2484 472 2546 esset,
497 2474 685 2550 ignoscerem.
728 2473 884 2531 Hominem
908 2493 984 2545 vero,
998 2474 1128 2531 omnium
1148 2495 1199 2532 ne·

211 2554 390 2627 quissimum,
403 2554 453 2627 qui
467 2573 524 2611 non
547 2553 691 2609 dubitaret
711 2552 756 2609 vel
778 2552 808 2609 in
832 2552 892 2610 foro
914 2553 977 2610 alei
998 2553 1108 2623 ludere,
1122 2552 1197 2629 lege,

209 2650 273 2705 quae
287 2641 330 2688 est
344 2632 380 2687 de
395 2631 468 2702 alei,
482 2633 714 2701 condemnatum,
728 2630 778 2706 qui
800 2631 829 2688 in
851 2631 995 2707 integrum
1018 2631 1153 2703 restituit,
1174 2633 1199 2688 is

209 2729 267 2767 non
282 2708 459 2783 apertissime
474 2709 601 2765 studium
615 2727 699 2765 suum
713 2709 774 2784 ipse
786 2709 953 2784 profiteturl

157 2792 194 2849 ὅ)
249 2787 285 2843 In
299 2787 400 2843 eodem
423 2785 490 2843 verb
505 2787 662 2857 tribunatu,
685 2785 753 2845 crim
768 2787 877 2859 Caesar,
892 2788 922 2845 in
944 2787 1116 2864 Hispaniam
1136 2807 1199 2864 pro·

210 2865 353 2933 ficiscens,
377 2864 447 2921 huic
469 2864 697 2921 conculcandam
718 2864 833 2922 Italiam
856 2865 1019 2924 tradidisset
1031 2887 1038 2936 ;
1059 2885 1124 2941 quae
1145 2867 1199 2924 fuit

209 2943 271 3018 ejus
284 2943 446 3018 peragratio
459 2942 615 3000 itineruml
635 2943 766 3002 lustratio
778 2945 1020 3021 municipioruml
1062 2945 1132 3003 Scio
1152 2963 1199 3003 me

210 3021 240 3078 in
267 3022 353 3079 rebus
380 3020 613 3078 celebratissimis
639 3040 770 3080 sermone
796 3024 925 3080 omnium
951 3024 1068 3095 versari,
1096 3043 1198 3099 eaque,

209 3119 273 3174 quar
300 3099 376 3169 dico,
404 3100 590 3175 dicturusque
617 3119 691 3171 sum,
718 3101 830 3159 notiora
848 3103 982 3160 omnibus
1008 3121 1071 3160 esse
1097 3104 1198 3178 quiin

158 3185 194 3241 35
211 3178 296 3235 ltalia
322 3187 384 3234 tum
408 3177 498 3250 fuere,
520 3176 606 3253 qudm
626 3179 707 3250 mihi,
728 3180 777 3255 qui
797 3199 855 3238 non
875 3180 925 3238 fui.
966 3181 1082 3239 Notabo
1101 3191 1199 3238 tamen

210 3257 338 3334 singulas
352 3277 416 3314 res:
437 3257 491 3315 etsi
511 3258 590 3315 nullo
603 3258 688 3316 modo
707 3257 810 3333 poterit
832 3258 923 3316 oratio
945 3279 1011 3317 mea
1032 3260 1220 3317 satisfacere

210 3348 310 3394 vestre
338 3336 475 3394 scientiae.
517 3336 634 3393 Etenim
660 3336 736 3409 quod
763 3355 890 3411 unquam
917 3337 947 3395 in
974 3337 1059 3395 terris
1086 3348 1200 3395 tantum

211 3415 351 3491 flagitium
379 3416 521 3472 exstitisse
549 3414 679 3472 auditum
706 3416 771 3480 estl
804 3412 927 3491 [tantam
954 3416 1163 3493 turpitudinem
1171 3416 1198 3496 l]

211 3503 322 3551 tanturn
338 3494 487 3551 dedecusl
995 3541 1000 3548 ,
1033 3493 1037 3500 ’

160 3574 195 3627 40
252 3571 367 3629 XXIV.
402 3572 570 3630 Vehebatur
601 3572 632 3630 in
659 3572 759 3630 essedo
785 3572 917 3630 tribunus
942 3573 1051 3649 plebis:
1084 3573 1201 3631 lictores

211 3649 334 3706 laureati
348 3648 574 3708 antecedebant:
596 3652 670 3709 inter
683 3670 763 3725 quos,
779 3652 876 3726 aperti
899 3652 1016 3723 lecticis,
1030 3653 1120 3710 mima
1139 3672 1201 3728 por·

169 3742 172 3747 ·
212 3727 344 3795 tabatur3
379 3745 465 3800 quarn
492 3748 528 3786 ex
553 3731 664 3806 oppidis
690 3729 891 3804 munIcipales,
920 3731 1050 3788 homines
1077 3731 1199 3801 honesti,

211 3802 326 3861 obvidm
340 3805 504 3863 necessarii)
526 3809 707 3882 prodeuntes,
731 3827 789 3865 non
811 3818 878 3865 noto
901 3808 950 3866 illo
971 3818 1000 3865 et
1013 3809 1132 3866 mimico
1151 3828 1201 3866 no-

212 3881 300 3949 mine,
326 3882 376 3936 sed
400 3883 594 3953 Volumniam,
625 3885 851 3943 consalutabant.
904 3887 1084 3960 Sequebatur
1111 3887 1201 3943 rheda

161 3962 197 4015 45
215 3976 282 4015 curn
296 3957 464 4027 lenonibus;
486 3961 605 4016 comites
625 3961 810 4033 nequissimi;
831 3963 941 4038 rejecta
963 3974 1056 4022 mater
1077 3963 1198 4035 amicam
