2702 4464
166 376 204 436 14
442 376 580 427 ORATIO
602 377 624 426 1.
646 377 684 427 IN
707 378 737 428 L.
754 378 968 430 CATILINAM.

214 537 270 594 quo
284 518 371 576 etiarn
387 520 511 595 aquilam
527 521 603 578 illam
620 532 787 597 argenteam
803 522 901 599 (quam
916 523 968 580 tibi
983 543 1018 581 ac
1032 524 1089 582 tuis
1102 527 1194 586 omni·

214 597 268 654 bns
283 598 475 673 perniciosam
490 619 553 656 csse
569 600 684 657 confido
697 611 725 657 et
741 601 884 658 funestam
898 602 1034 674 futuram,
1052 605 1101 661 cui
1114 606 1193 664 dorni

213 685 271 733 ture
286 678 444 735 sacrarium
459 680 601 736 scelerum
617 688 730 735 tuorum
744 680 933 737 constitutum
948 682 1015 760 fuit)
1025 682 1116 739 sciam
1128 703 1192 741 esse

213 756 399 830 praemissam.
441 757 490 814 Tu
500 767 531 814 ut
542 758 592 814 illc
606 755 716 814 diutius
725 777 825 816 carere
838 758 939 834 possis,
951 778 1035 835 quam
1050 764 1191 834 venerari,

180 838 199 891 5
215 834 250 890 ad
265 834 374 890 caedern
388 836 585 911 proficiscens,
600 836 732 893 solebasl
747 836 858 913 acnjns
870 837 1007 896 altaribus
1017 858 1093 916 saepe
1107 841 1192 899 istam

213 912 332 988 impiam
345 913 475 971 dextram
490 916 526 971 ad
541 934 644 972 necem
657 915 764 973 civium
776 917 953 973 transtulisti.

252 990 291 1047 X.
314 990 375 1048 Ibis
389 994 505 1050 tandem
521 994 684 1069 aliquando,
699 992 756 1070 qud
770 1005 799 1052 te
817 994 989 1071 jampridem
1010 1005 1060 1053 tua
1074 995 1128 1054 ista
1142 1017 1193 1056 cu·

212 1069 318 1145 piditas
332 1072 480 1130 effraenata
494 1092 528 1129 ac
543 1073 649 1131 furiosa
662 1073 799 1149 rapiebat.
841 1074 945 1150 Neque
959 1074 1037 1131 enim
1061 1075 1114 1132 tibi
1128 1074 1191 1134 haec

212 1167 258 1205 res
273 1149 355 1205 affert
369 1151 505 1222 dolorem,
517 1152 567 1208 sed
578 1152 722 1226 quandam
734 1152 934 1209 incredibilem
948 1153 1139 1229 voluptatem:
1154 1156 1190 1212 ad

163 1228 198 1282 10
214 1227 290 1284 hanc
311 1238 340 1284 te
355 1230 510 1285 amentiam
525 1240 628 1287 natura
642 1231 763 1305 peperit,
778 1231 910 1288 voluntas
923 1232 1062 1302 exercuit,
1078 1233 1192 1291 fortuna

212 1307 342 1362 servavit.
384 1307 543 1382 Nunquam
557 1317 588 1364 tu
602 1328 660 1365 non
675 1306 760 1365 modd
774 1309 875 1380 otium,
888 1311 938 1366 sed
960 1329 997 1366 ne
1011 1310 1117 1367 bellum
1131 1312 1192 1388 qui-

212 1384 289 1454 dem,
301 1385 357 1441 nisi
368 1387 521 1456 netarium,
531 1385 702 1462 concupisti.
744 1387 859 1444 Nactus
867 1407 909 1458 es,
920 1407 957 1445 ex
967 1389 1096 1463 perditis,
1106 1401 1191 1466 atque

213 1462 250 1519 ab
263 1464 343 1520 omni
357 1483 415 1521 non
429 1463 515 1522 modd
530 1465 654 1535 fortunat,
668 1463 768 1522 verium
782 1465 869 1523 etiam
890 1486 940 1542 spe
954 1467 1109 1539 derelictis,
1124 1487 1192 1526 con·

213 1540 310 1598 llatam
324 1542 516 1618 improborum
532 1563 658 1601 manum.

164 1618 199 1670 15
252 1619 313 1677 Hic
326 1630 358 1678 tn
372 1623 429 1697 qua
443 1621 542 1678 laetitia
565 1621 729 1697 perfruere!
751 1623 855 1699 quibus
878 1623 992 1699 gaudiis
1016 1624 1189 1683 exsultabis!

212 1699 320 1773 quantit
342 1699 371 1756 in
387 1701 529 1775 voluptate
545 1701 741 1759 bacchabere!
764 1699 843 1772 crim,
858 1701 887 1758 in
902 1711 983 1759 tanto
996 1721 1117 1760 numero
1128 1716 1189 1761 tuo-

212 1796 287 1847 rum,
302 1797 395 1853 ueque
411 1780 511 1836 audies
531 1779 623 1837 virum
645 1781 751 1836 bonurn
772 1774 946 1855 quenquam,
962 1799 1055 1855 neque
1069 1781 1189 1839 ridebis.

213 1856 261 1911 Ad
272 1855 357 1930 hujus
365 1856 430 1913 vitae
442 1858 569 1915 studium
582 1859 711 1916 meditati
720 1859 760 1915 illi
769 1869 836 1916 sunt
852 1858 914 1936 (qui
926 1859 1068 1938 feruntur)
1078 1860 1191 1917 labores

212 1934 271 2004 tui;
290 1934 387 2010 jacere
403 1936 493 2007 bnmi,
508 1956 565 1994 non
580 1935 665 1994 modd
681 1938 717 1994 ad
730 1937 922 1994 obsidendum
937 1948 1076 2012 stuprum,
1090 1935 1189 1996 verum

162 2020 199 2074 20
214 2012 301 2069 etiarn
317 2014 353 2071 ad
375 2014 489 2072 facinus
509 2016 675 2073 obeundum
685 2036 693 2085 3
714 2016 842 2092 vigilare,
858 2035 916 2074 nou
937 2013 1030 2073 solium
1053 2017 1088 2072 ad
1104 2017 1191 2075 iusid-

213 2091 330 2149 iaudnm
356 2113 456 2152 somno
477 2094 653 2166 maritorum,
674 2091 774 2152 renim
800 2094 888 2152 etiam
915 2095 998 2152 bonis
1018 2095 1189 2153 occisorum.

190 2158 210 2213 l
212 2169 324 2243 Habes,
339 2172 389 2229 ubi
402 2183 530 2230 ostentes
544 2172 622 2230 illam
636 2173 804 2249 praeclaram
820 2184 900 2230 tuam
914 2173 1081 2249 patientiam
1097 2174 1190 2245 famis,

215 2248 338 2324 frigoris,
363 2251 467 2327 inopiae
488 2271 583 2309 rernm
604 2252 752 2322 omnium;
782 2253 886 2328 quibus
909 2263 938 2309 te
960 2251 1040 2309 brevi
1063 2262 1191 2328 tempore

214 2328 380 2387 confectum
394 2350 457 2389 esse
472 2332 587 2388 senties,
629 2331 758 2387 Tantum
768 2331 877 2406 profeci
888 2340 960 2400 tum,
972 2329 1040 2388 crim
1052 2340 1080 2387 te
1095 2350 1112 2388 a
1123 2351 1192 2388 con·

162 2409 198 2463 25
214 2408 308 2465 snlatu
322 2410 424 2484 repuli,
440 2421 471 2468 ut
491 2410 571 2467 exsul
586 2406 681 2485 potiris
704 2420 826 2482 tentare,
841 2407 926 2485 qubm
952 2410 1052 2467 consul
1077 2429 1190 2480 vexare,

213 2488 421 2562 rempublicam
435 2508 550 2564 posses;
573 2499 656 2564 atque
679 2503 711 2545 ut
732 2489 772 2559 id,
786 2489 861 2564 quod
876 2498 952 2545 esset
967 2506 983 2544 a
1004 2498 1033 2545 te
1048 2487 1189 2545 scelerate

214 2577 390 2641 susceptum,
405 2567 587 2625 latrocinium
602 2566 697 2642 potiris
710 2566 796 2642 qualm
812 2567 918 2624 bellum
933 2566 1137 2624 nominaretur.

253 2643 309 2700 XI.
341 2645 440 2714 Nunc,
455 2655 487 2702 ut
508 2664 524 2701 a
545 2664 601 2715 me,
616 2646 716 2702 Patres
736 2645 911 2720 conscripti,
936 2645 1080 2719 quandam
1103 2663 1191 2733 prope

223 2721 324 2780 'ustam
339 2722 438 2797 patriae
453 2723 660 2797 querimoniam
676 2723 799 2780 detester
820 2741 855 2778 ac
876 2722 1030 2796 deprecer;
1051 2722 1190 2796 percipite

162 2814 199 2868 30
215 2742 339 2878 dquaeso)
354 2800 517 2876 diligenter,
531 2819 594 2875 quae
609 2800 705 2857 dicam
717 2820 724 2869 ;
746 2811 775 2857 et
788 2818 823 2856 ea
836 2799 951 2874 penitus
972 2799 1076 2855 animis
1089 2800 1190 2856 vestris

214 2880 415 2954 mentibusque
431 2879 574 2934 mandate.
616 2877 744 2946 Etenim,
758 2877 784 2933 si
797 2895 912 2933 mecum
926 2876 1027 2951 patria,
1042 2895 1104 2951 quae
1119 2877 1190 2933 mihi

213 2957 272 3015 rita
286 2958 351 3015 med
365 2954 455 3013 multd
470 2966 512 3013 est
528 2955 630 3027 carior,
644 2955 668 3012 si
683 2966 791 3013 cuncta
804 2954 899 3026 Italia,
908 2955 933 3011 si
946 2955 1040 3011 omnis
1053 2955 1191 3030 respubli-

213 3056 250 3094 ca
270 3037 417 3112 loquatur:
440 3041 458 3068 “
469 3033 511 3091 Μ.
528 3033 620 3106 Tulli,
634 3034 702 3110 quid
718 3034 799 3110 agisl
820 3043 891 3090 tune
915 3052 993 3103 eum,
1015 3052 1099 3107 quem
1125 3053 1189 3090 esse

213 3115 324 3172 hostem
339 3113 514 3190 comperisti,
528 3133 613 3189 quem
627 3115 733 3170 ducem
749 3112 815 3169 belli
840 3111 966 3168 futurum
991 3112 1082 3181 rides,
1103 3131 1189 3187 quem

163 3205 199 3258 35
214 3193 374 3268 exspectari
386 3192 587 3268 imperatorem
613 3193 642 3249 iu
664 3190 765 3249 castris
780 3190 904 3248 bostium
926 3190 1026 3260 sentis,
1042 3200 1189 3247 auctorem

213 3273 341 3342 sceleris,
352 3260 512 3347 principem
527 3271 743 3346 conjurationis,
758 3278 937 3327 evocatorem
953 3288 1099 3325 servorum
1113 3278 1142 3325 et
1151 3269 1191 3325 ci·

213 3351 291 3408 vium
300 3351 486 3428 perditorum,
496 3350 574 3408 exire
583 3348 711 3426 patieris,
722 3358 753 3405 ut
762 3348 813 3405 abs
824 3358 852 3405 te
859 3367 915 3405 non
925 3347 1047 3405 emissus
1058 3366 1094 3404 ex
1100 3347 1190 3418 Urbe,

213 3432 264 3488 sed
279 3431 424 3488 immissus
435 3430 465 3486 in
479 3429 598 3498 Urbem,
612 3448 676 3485 esse
687 3428 840 3484 videatnrl
880 3425 988 3483 Nonne
1001 3427 1079 3482 bunc
1088 3426 1118 3483 in
1131 3425 1191 3483 vin·

214 3510 281 3566 cula
294 3508 373 3580 duci,
388 3529 445 3567 non
458 3509 493 3565 ad
506 3518 624 3566 mortem
634 3507 706 3582 rapi,
715 3525 773 3564 non
788 3524 899 3563 summo
910 3505 1051 3581 supplicio
1060 3504 1190 3574 mactari,

164 3597 199 3651 4ο
215 3587 388 3664 imperabisl
428 3586 511 3649 Quid
526 3587 643 3644 tandem
658 3586 778 3662 impedit
791 3586 839 3642 tel
861 3604 960 3642 mosne
981 3583 1141 3661 majoruml
1163 3593 1192 3640 at

214 3685 341 3742 persaepe
355 3666 443 3723 etiam
457 3665 559 3740 privati
573 3665 602 3722 in
615 3666 671 3722 hac
680 3664 829 3740 republica
837 3663 1016 3739 perniciosos
1029 3663 1107 3720 cives
1119 3681 1192 3719 mor-

214 3756 242 3802 te
251 3743 410 3801 multarunt
422 3763 429 3801 :
453 3762 489 3800 an
501 3744 589 3820 leges,
600 3763 663 3818 quae
675 3744 711 3800 de
721 3743 827 3800 civium
837 3742 1036 3800 Romanorum
1051 3740 1192 3815 supplicio

214 3833 320 3899 rogatae
334 3824 424 3880 suutl
446 3833 475 3878 at
488 3841 636 3897 nunquam
651 3822 680 3878 iu
696 3822 751 3878 bac
762 3821 833 3879 urbe
848 3820 878 3889 ii,
893 3820 941 3896 qui
952 3839 968 3876 a
981 3818 1129 3893 republica
1144 3818 1193 3873 dc·

215 3901 356 3973 feceruut,
378 3900 484 3959 civium
496 3899 562 3976 jura
582 3909 746 3967 tenuerunt.
775 3899 837 3954 'An
860 3897 997 3954 iuvidiam
1017 3894 1192 3971 posteritatis
