2702 4464
422 385 559 435 ORATIO
581 385 651 435 PRO
673 387 699 446 Q
729 386 891 437 LIGARIO.
1168 393 1208 450 75

169 548 227 586 non
242 529 380 600 concedo,
394 538 436 600 ut,
450 529 555 604 quibus
568 530 654 587 rebus
667 529 830 608 gloriemini
845 531 875 588 in
889 532 979 604 vobis,
993 534 1110 590 easdem
1129 533 1160 590 in

170 607 235 664 aliis
248 608 472 683 reprehendatis.

210 686 375 744 Tuberonis
395 706 455 744 sors
475 686 607 763 conjecta
620 697 663 744 est
676 707 713 745 ex
725 687 993 760 senatus-consulto,
1009 688 1077 746 edm
1098 690 1158 766 ipse

169 783 227 821 non
249 765 371 836 adesset,
392 766 491 823 morbo
510 766 598 822 etiam
619 766 823 842 impediretur:
850 776 989 824 statuerat
1009 786 1156 825 excusare.

169 842 244 900 Haec
265 862 319 920 ego
338 844 405 901 novi
424 853 537 920 propter
556 863 656 902 omnes
675 844 904 902 necessitudines
924 864 987 919 quae
1006 847 1077 902 mihi
1091 857 1158 904 sunt
1188 843 1207 895 5

168 940 237 977 cum
260 920 294 978 L.
319 922 485 981 Tuberone.
526 922 614 980 Domi
641 922 700 980 11111
726 923 842 993 eruditi,
869 924 978 980 militiae
1006 926 1158 981 contuber-

167 1000 259 1071 nales,
273 999 337 1077 post
352 1001 461 1072 affines,
475 1001 505 1058 in
518 1001 598 1058 omni
612 999 737 1075 denique
754 1001 813 1057 vita
828 1002 999 1060 familiares:
1020 1022 1157 1079 magnum

168 1078 258 1135 etiam
284 1079 441 1151 vinculum,
461 1077 539 1154 qudd
569 1079 672 1136 iisdem
702 1080 805 1136 studiis
835 1099 946 1154 semper
974 1082 1019 1138 usi
1049 1100 1156 1139 sumus.

169 1157 240 1214 Scio
261 1157 348 1234 igitur
370 1157 555 1215 Tuberonem
572 1158 649 1215 domi
668 1177 785 1216 manere
804 1158 944 1216 voluisse:
965 1160 1016 1216 sed
1037 1160 1078 1216 ita
1097 1160 1158 1233 qui·

168 1236 236 1291 dam
255 1236 368 1313 agebat,
383 1236 423 1293 ita
442 1235 608 1312 reipublice
629 1236 842 1294 sanctissimum
862 1255 967 1294 nomen
987 1238 1156 1313 opponebat,
1173 1237 1207 1290 10

167 1323 209 1384 ut,
224 1314 312 1370 etiam
332 1314 357 1371 si
378 1315 459 1372 aliter
479 1314 608 1385 sentiret,
621 1315 772 1372 verborum
792 1324 890 1372 tamen
908 1315 1032 1391 ipsorum
1046 1317 1158 1392 pondus

166 1392 310 1450 sustinere
329 1412 388 1450 non
408 1402 510 1470 posset.
552 1392 648 1450 Cessit
669 1392 832 1451 auctoritati
854 1394 1020 1469 amplissimi
1034 1395 1097 1465 viri,
1112 1395 1157 1452 vel

166 1468 261 1546 potius
274 1472 377 1546 paruit.
418 1472 485 1530 Unt
504 1480 548 1529 est
566 1472 711 1547 profectus
731 1490 798 1529 cum
819 1472 864 1542 iis,
879 1491 998 1545 quorum
1019 1482 1081 1530 erat
1099 1492 1158 1530 una

167 1566 272 1606 causa:
294 1547 405 1607 tardlds
419 1550 472 1608 iter
487 1550 573 1608 fecit:
595 1550 692 1624 itaque
712 1550 742 1607 in
756 1549 889 1607 Africam
908 1551 987 1607 venit
998 1550 1058 1627 jam
1071 1571 1158 1608 occu·

166 1636 271 1702 patam.
313 1628 395 1686 Hinc
418 1629 448 1687 in
475 1628 626 1706 Ligarium
652 1628 763 1686 crimen
789 1628 889 1699 oritur,
912 1629 957 1686 vel
984 1628 1206 1705 ira,potids.15

166 1705 255 1777 Nam,
269 1706 294 1763 si
316 1707 427 1765 crimen
451 1717 495 1765 est
516 1707 607 1765 ullum
623 1707 756 1777 voluisse,
770 1726 827 1765 non
841 1704 938 1764 minuis
951 1726 1089 1784 magnum
1103 1719 1156 1780 est,

166 1804 216 1842 vos
229 1786 373 1857 Africam,
388 1786 518 1844 omnium
531 1786 742 1862 provinciarum
765 1804 871 1856 arcem,
886 1796 984 1842 natam
998 1786 1035 1843 ad
1048 1787 1157 1844 bellum

167 1873 267 1921 contra
286 1864 364 1923 hanc
384 1865 486 1922 urbem
505 1865 675 1942 gerendum,
695 1864 825 1922 obtinere
845 1864 978 1935 voluisse,
999 1863 1086 1939 quam
1107 1865 1158 1922 ali·

168 1961 253 2015 quem
276 1962 307 2000 se
333 1943 478 2001 maluisse.
520 1944 618 2018 Atque
642 1942 666 1999 is
689 1952 786 2000 tamen
810 1942 913 2017 uliquis
939 1943 1075 2020 Ligarius
1098 1963 1156 2002 non

169 2020 231 2076 fuit.
271 2021 367 2078 Varus
381 2021 532 2101 imperium
546 2041 577 2079 se
591 2022 699 2079 habere
712 2022 845 2080 dicebat:
868 2022 961 2079 fasces
975 2021 1055 2079 certe
1070 2023 1157 2081 habe·
1169 2022 1206 2077 20

168 2098 226 2154 bat.
267 2099 336 2170 Sed,
351 2119 464 2175 quoquo
476 2101 561 2158 modo
574 2119 637 2158 sese
651 2101 722 2157 illud
736 2101 832 2172 habet,
844 2101 907 2158 haec
921 2101 1039 2175 querela
1052 2114 1155 2173 vestra,

168 2176 297 2248 Tubero,
321 2179 389 2252 quid
416 2179 513 2237 valetf
547 2179 673 2254 Recepti
700 2179 731 2236 in
756 2179 934 2256 provinciam
960 2199 1019 2237 non
1046 2198 1154 2238 sumus.

167 2254 260 2326 Quid,
275 2256 299 2312 si
319 2256 441 2315 essetisl
475 2258 623 2316 Caesarine
643 2277 708 2315 eam
728 2258 861 2316 tradituri
881 2257 1016 2330 fuissetis,
1032 2277 1069 2314 an
1090 2278 1157 2316 con·

167 2343 212 2391 tra
226 2333 371 2391 Caesarem
385 2336 544 2394 retenturil
1078 2360 1080 2369 ’

207 2411 295 2469 VIII.
330 2413 416 2486 Vide,
440 2415 509 2489 quid
531 2414 667 2487 licentiae,
688 2415 797 2486 Caesar,
820 2415 904 2474 nobis
926 2423 977 2471 tua
999 2413 1156 2472 liberalitas
1169 2416 1206 2470 25

168 2490 227 2560 det,
247 2490 292 2548 vel
313 2490 408 2567 potiris
432 2493 567 2552 audaciae.
610 2494 643 2550 Si
664 2494 842 2569 responderit
863 2493 993 2564 Tubero,
1014 2492 1154 2565 Africam,

167 2567 225 2644 quo
246 2580 364 2627 senatus
383 2589 450 2628 eum
469 2591 586 2647 sorsque
605 2572 732 2643 miserat,
747 2572 800 2630 tibi
817 2581 927 2649 patrem
941 2590 1025 2628 suum
1038 2572 1157 2629 traditu·

166 2668 231 2705 rum
255 2648 344 2706 fuisse
351 2668 360 2718 3
389 2669 447 2708 nou
474 2651 621 2721 dubitabo,
651 2652 726 2727 apud
754 2651 847 2727 ipsum
873 2659 913 2721 te,
935 2649 1017 2726 cujus
1037 2650 1068 2707 id
1088 2668 1156 2707 eum

166 2726 263 2784 facere
283 2726 421 2800 interfuit,
442 2729 617 2806 gravissimis
637 2730 731 2787 verbis
751 2729 813 2806 ejus
833 2728 985 2786 consilium
1005 2729 1157 2804 reprehen-

166 2806 242 2863 dere.
284 2806 352 2864 Non
366 2807 444 2864 enim
458 2808 483 2865 si
496 2808 549 2865 tibi
563 2827 599 2866 ea
612 2827 659 2865 res
671 2817 754 2884 grata
776 2808 885 2879 fuisset,
900 2817 975 2865 esset
993 2807 1081 2865 etiam
1094 2827 1156 2883 pro-
1169 2810 1205 2866 30

165 2884 241 2942 bata.
283 2886 341 2942 Sed
359 2886 420 2961 jam
441 2888 497 2944 hoc
516 2896 607 2944 totum
621 2887 738 2957 omitt03
759 2906 817 2944 non
830 2897 900 2957 tam,
914 2897 946 2944 ut
959 2905 996 2944 ne
1009 2887 1155 2945 offendam

164 2972 229 3020 tuas
251 2963 476 3040 patientissimas
497 2984 589 3036 aures,
604 2963 691 3040 qudm
710 2985 748 3023 ne
768 2964 897 3035 Tubero,
912 2967 987 3039 quod
1007 2983 1155 3039 nunquam

162 3042 312 3117 cogitavit,
344 3043 473 3100 facturus
507 3044 596 3101 fuisse
625 3044 764 3101 videatur.
805 3044 977 3101 Veniebatis
1007 3044 1094 3119 igitur
1125 3043 1155 3099 in

165 3120 298 3177 Africam
311 3121 498 3196 provinciam,
513 3141 602 3179 unam
615 3141 651 3179 ex
663 3122 797 3179 omnibus
810 3121 879 3180 huic
893 3121 1019 3179 victoriae
1029 3120 1154 3177 maxime

166 3198 316 3256 infestam:
338 3201 369 3256 in
381 3200 439 3275 qud
453 3210 515 3258 erat
525 3220 576 3258 rex
584 3201 809 3277 potentissimus,
821 3200 956 3268 immicus
967 3200 1037 3256 huic
1048 3219 1154 3269 causae,
1169 3201 1205 3255 35

167 3277 260 3334 aliena
280 3278 420 3349 voluntas,
435 3288 592 3336 conventus
611 3279 686 3336 firmi
705 3288 790 3353 atque
804 3277 910 3354 magni.
951 3277 1071 3346 Quaero,
1086 3277 1155 3351 quid

166 3355 270 3412 facturi
285 3356 398 3414 fuistisl
419 3376 592 3432 quanquam,
607 3357 676 3433 quid
690 3357 794 3414 facturi
809 3356 929 3425 fueritis,
943 3375 1001 3412 non
1015 3355 1154 3426 dubitem,

167 3431 234 3490 clun
248 3434 371 3505 videam,
386 3435 455 3509 quid
470 3436 604 3493 feceritis.
646 3434 786 3492 Prohibiti
807 3435 877 3491 estis
891 3434 919 3489 in
934 3433 1081 3508 provinciis
1095 3451 1156 3489 ves-

166 3511 209 3568 tra
230 3512 332 3602 pedem
351 3533 468 3590 ponere,
489 3523 518 3571 et
537 3513 672 3591 prohibiti
695 3512 740 3591 (ut
759 3511 929 3591 perhibetis)
952 3511 1064 3567 summa
1088 3530 1186 3646 euml¹

166 3590 360 3729 mlglrdbmodo
380 3669 408 3727 id
429 3670 557 3728 tulistisl
579 3680 705 3746 accepta
717 3667 838 3746 'injuriae
852 3667 999 3742 querelam
1020 3669 1056 3725 ad
1069 3688 1155 3744 quem
1187 3594 1205 3647 0

166 3747 330 3805 detulistisl
360 3768 463 3825 nempe
491 3750 527 3806 ad
554 3767 631 3819 eum,
659 3748 743 3822 cujus
771 3747 971 3804 auctoritatem
998 3748 1100 3818 secuti,
1125 3748 1155 3805 in

165 3825 334 3884 societatem
353 3827 423 3884 belli
442 3828 593 3885 veneratis.
634 3825 727 3889 Quod
746 3824 771 3883 si
792 3825 917 3883 Caesaris
937 3826 1026 3883 causat
1045 3827 1074 3884 in
1093 3846 1156 3902 pro·

166 3903 293 3963 vinciam
321 3905 498 3978 veniebatis3
530 3906 567 3965 ad
593 3925 661 3966 eum
686 3902 826 3983 profectd,
854 3904 965 3964 exclusi
996 3904 1155 3983 provincit,
