2658 4468
147 357 206 419 lm
394 354 532 406 ORATIO
554 354 625 404 PRO
646 353 678 404 T.
700 352 816 404 ANNIO
836 351 988 403 MILONE.

193 521 249 576 que
263 502 328 571 boc,
340 500 465 576 judices,
479 519 536 558 non
550 499 613 558 sine
634 498 724 557 causti
747 497 836 556 etiam
858 496 935 555 fictis
957 495 1062 554 fabulis
1084 496 1191 556 doctis·

194 581 259 637 simi
251 546 405 637 bodrines
419 579 563 637 memoriae
586 579 790 668 prodiderunt3
812 595 890 647 eum,
914 575 964 652 qui
988 575 1078 652 patris
1101 578 1191 634 ulcis·

194 660 281 717 cendi
295 659 395 728 causi,
410 671 531 716 matrem
545 658 717 727 necavisset,
732 656 849 714 variatis
863 657 1012 714 bominum
1026 657 1190 728 sententiis,

194 758 252 797 non
274 735 366 795 solum
388 738 497 807 divina,
522 736 675 796 sedetiam
699 735 917 812 sapientissimae
940 735 1022 804 Dea,
1044 736 1191 793 sententia

161 818 355 875 bliberatum.
396 815 488 878 Quod
513 817 537 874 si
560 815 724 873 Duodecim
746 814 870 873 Tabula
890 825 1062 872 nocturnum
1084 805 1190 886 furem,

193 916 307 972 quoquc
328 896 422 966 modo,
447 896 583 953 diurnum
606 905 713 965 autern,
736 894 761 951 si
784 914 815 951 se
836 894 894 951 telo
916 892 1088 962 defenderit,
1103 893 1193 952 inter-

194 976 280 1033 fici
274 974 391 1051 unpuud
422 975 588 1043 voluerunt3
619 975 683 1048 quis
710 983 764 1044 est,
791 973 851 1069 qui,
878 992 992 1048 quoquo
1019 974 1105 1030 modo
1124 975 1192 1049 quis

195 1054 364 1112 interfectus
390 1054 437 1125 sit,
469 1054 649 1130 puniendum
682 1063 773 1129 putet,
801 1048 870 1109 cirm
904 1052 1001 1110 videat
1033 1051 1192 1145 aliquando

194 1134 322 1209 gladium
350 1099 443 1205 nobid‚
468 1134 505 1190 ad
527 1133 723 1192 occidendum
751 1131 908 1203 bominem,
930 1131 995 1189 ab
988 1131 1056 1209 ipsis
1082 1133 1190 1210 porrigi

146 1214 180 1266 10
194 1213 328 1270 leuibusl

222 1264 287 1349 DIV.
322 1291 423 1367 Atqui,
447 1290 472 1348 si
501 1301 615 1367 tempus
641 1300 686 1349 est
712 1290 803 1347 ullum
827 1289 892 1365 jure
919 1290 1044 1349 hominis
1063 1292 1191 1349 necandi

196 1369 274 1446 (quae
294 1371 385 1427 multa
405 1371 498 1448 sunt),
512 1370 592 1428 certe
615 1370 686 1427 illud
706 1380 750 1427 est
770 1389 828 1427 non
849 1367 934 1427 modd
947 1370 1067 1445 justum,
1088 1369 1190 1427 verbm

194 1450 282 1507 etiarn
297 1448 504 1520 necessarium,
518 1448 586 1507 clun
602 1449 630 1506 vi
641 1450 687 1506 vis
701 1448 781 1506 illata
797 1449 971 1506 defenditur.
1013 1449 1191 1506 Pudicitiam

195 1526 263 1586 ciun
265 1529 415 1619 Νειὶρειει
414 1529 499 1586 militi
512 1529 646 1586 tribunus
662 1527 852 1607 [militaris]
845 1548 875 1586 ιιι
896 1528 1024 1585 exercitu
1040 1529 1075 1586 C.
1091 1527 1191 1601 Marii,
1240 1546 1246 1550 ·

147 1618 181 1672 15
194 1607 369 1684 propinquus
390 1608 452 1684 ejus
474 1608 662 1685 imperatoris,
686 1608 855 1666 interfectus
879 1608 916 1665 ab
940 1627 975 1665 eo
988 1618 1041 1678 est,
1063 1607 1111 1665 cui
1131 1608 1189 1664 vim

195 1687 340 1745 afferebat.
383 1688 496 1745 Facere
509 1688 588 1744 enim
608 1687 714 1764 probus
736 1687 904 1745 adolescens
917 1685 1089 1776 periculosi,
1103 1684 1191 1762 quam

193 1767 303 1843 perpeti
323 1767 453 1843 turpiter,
468 1766 579 1825 maluit
621 1768 720 1841 Atque
741 1767 821 1823 hunc
845 1766 893 1823 ille
916 1766 959 1824 vir
973 1785 1113 1861 summus,
1128 1786 1191 1824 sce-

194 1846 255 1905 lere
276 1846 411 1916 solutum,
432 1847 563 1937 periculo
584 1845 725 1903 liberavit.
767 1845 934 1903 Insidiatori
955 1842 1022 1903 verd
1038 1855 1068 1903 et
1086 1845 1191 1903 latroni

194 1944 258 2001 quar
271 1935 364 2001 potest
377 1925 499 1983 inferri
492 1925 598 2001 rnjusta
611 1927 687 1983 nexl
1194 1980 1197 1985 ,

144 2009 181 2064 20
234 2004 318 2066 Quid
333 2005 486 2063 comitatus
499 2004 599 2075 nostri,
624 2004 693 2078 quid
716 2002 816 2080 gladii,
840 2002 959 2061 voluntl
988 2023 1059 2079 quos
1082 2005 1191 2063 habere

195 2082 274 2141 oertd
290 2104 346 2142 non
360 2084 472 2154 liceret,
487 2084 512 2141 si
526 2084 568 2140 uti
589 2050 646 2141 illis
669 2083 748 2141 nullo
768 2093 854 2159 pacto
877 2083 987 2140 liceret.
1029 2083 1191 2161 Est1gitur

195 2163 268 2233 baec,
280 2163 403 2240 judices,
428 2183 487 2222 non
508 2163 625 2240 scripta,
648 2163 700 2220 sed
723 2173 801 2233 nata,
823 2162 887 2232 lex3
908 2181 996 2261 quam
1017 2182 1074 2220 non
1089 2163 1191 2220 didici·

194 2260 268 2314 mus,
285 2243 460 2319 accepimus,
481 2242 614 2319 legimus»,
628 2239 729 2300 terrim
751 2261 787 2300 ex
810 2207 938 2299 natuid
931 2242 993 2318 rpsa
1008 2241 1189 2334 arripuimus,

196 2289 345 2380 hausimus
347 2323 581 2399 ‚expressimus;
603 2323 638 2379 ad
654 2340 740 2411 quam
764 2341 823 2379 non
845 2321 934 2392 docti,
957 2321 1008 2378 sed
1030 2320 1110 2392 facti,
1131 2328 1189 2379 non

144 2405 180 2459 25
195 2400 391 2474 instituti,sed
404 2402 508 2460 imbuti
521 2420 637 2471 sumus3
659 2410 700 2471 ut,
717 2401 742 2458 si
767 2400 826 2458 vita
846 2410 944 2458 nostra
965 2399 995 2457 in
1019 2400 1155 2474 aliquas
1148 2421 1192 2458 rn-

194 2480 293 2554 sidias‚
307 2482 332 2539 si
346 2482 377 2540 in
390 2482 458 2553 vim,
473 2481 498 2539 si
512 2480 542 2539 in
556 2481 615 2540 tela
636 2491 686 2538 aut
705 2481 849 2538 latronum
864 2488 914 2536 aut
934 2480 1127 2551 inimicorum,
1148 2480 1192 2538 in-

194 2559 322 2631 cidisset,
333 2561 427 2620 omnis
441 2562 557 2619 honesta
566 2561 640 2620 ratio
655 2570 731 2618 esset
745 2559 930 2636 expediendae
945 2559 1053 2617 salutis.
1097 2560 1191 2617 Silent

194 2640 272 2697 enim
294 2641 374 2716 leges
397 2639 472 2697 inter
493 2658 590 2709 arma;
620 2659 677 2697 nec
697 2659 728 2696 se
749 2638 909 2714 exspectari
928 2638 1040 2714 jubent,
1062 2638 1130 2697 ciam
1150 2638 1189 2710 ei,

194 2718 244 2791 qui
258 2728 424 2794 exspectare
438 2719 517 2791 velit,
532 2718 599 2776 antd
615 2718 721 2795 injusta
734 2737 820 2795 poena
832 2718 940 2775 luenda
954 2718 1000 2789 sit,
1014 2717 1102 2792 quim
1112 2718 1191 2794 justa

143 2796 180 2854 30
193 2797 358 2873 repetenda.

234 2875 298 2933 Etsi
311 2875 516 2953 persapienter,
531 2885 560 2934 et
574 2877 784 2950 quodammodo
805 2874 905 2946 tacite,
920 2875 1001 2933 dat
993 2895 1056 2952 ipsa
1076 2877 1123 2934 lex
1141 2896 1190 2953 po-

194 2964 327 3013 testatem
341 2955 534 3025 defendendi3
555 2975 619 3032 quae
643 2976 701 3014 non
725 2951 811 3013 modd
836 2955 982 3013 bominem
1009 2956 1115 3027 occidi,
1137 2956 1188 3013 sed

194 3053 257 3092 esse
271 3053 339 3092 cum
353 3035 411 3092 telo
424 3000 548 3093 hominis
557 3035 712 3094 occidendi
726 3036 827 3105 causa,
838 3044 931 3105 vetat;
954 3045 995 3105 ut,
1006 3032 1074 3092 crim
1089 3054 1188 3108 causa,

193 3133 251 3172 non
265 3114 364 3185 telum,
380 3126 573 3189 quaereretu13
595 3115 644 3190 qui
668 3116 713 3171 sui
735 3115 909 3172 defendendi
931 3133 1020 3172 causa
1042 3114 1100 3173 telo
1113 3125 1189 3173 esset

142 3195 179 3250 35
193 3213 272 3265 usus,
287 3214 344 3251 non
359 3194 483 3251 hominis
496 3195 650 3253 occidendi
670 3194 760 3251 causti
784 3193 920 3251 habuisse
944 3194 1033 3252 telum
1044 3193 1189 3269 judicare·

193 3283 247 3331 tur.
288 3274 472 3350 Quapropter
495 3275 550 3332 huc
571 3285 688 3331 maneat
710 3274 739 3330 in
762 3274 861 3343 causi,
883 3273 1016 3349 judices:
1037 3273 1188 3331 nonenim

193 3353 301 3424 dubito,
316 3354 386 3430 quin
399 3355 570 3429 probaturus
585 3352 638 3409 sim
662 3352 742 3409 vobis
764 3352 961 3409 defensionem
985 3371 1090 3423 meam,
1112 3353 1137 3409 si
1157 3352 1187 3410 id

192 3433 391 3503 memineritis,
419 3434 495 3508 quod
516 3431 648 3490 oblivisci
669 3451 726 3489 non
754 3431 882 3508 potestiS,
905 3430 1103 3490 insidiatorem
1120 3431 1185 3508 jure

192 3510 315 3570 interfici
329 3533 420 3589 posse.
662 3531 665 3536 ’

141 3596 177 3651 to
231 3590 267 3647 V.
304 3594 440 3667 Sequitur
467 3591 549 3662 illud,
577 3592 652 3665 quod
682 3610 699 3648 a
725 3589 845 3647 Milonis
874 3588 1002 3647 inimicis
1030 3589 1186 3666 sepissime

191 3669 308 3742 dicitur,
323 3671 452 3742 Oaedem,
468 3671 497 3728 in
512 3672 569 3746 qui
583 3670 615 3728 P.
631 3669 751 3728 Clodius
764 3669 879 3727 occisus
893 3679 946 3740 est,
961 3680 1093 3726 senatum
1112 3668 1187 3743 judi-

191 3749 285 3821 cisse,
300 3761 401 3808 contra
415 3750 622 3826 rempublicam
637 3770 700 3807 esse
714 3749 830 3807 factam.
874 3748 959 3806 Illam
979 3746 1047 3805 verb
1069 3758 1186 3806 senatus

190 3848 249 3887 non
263 3829 414 3888 sententiis
437 3830 497 3886 suis
524 3828 628 3900 solim,
656 3828 815 3886 sedetiam
837 3827 950 3899 studiis,
979 3826 1184 3904 comprobavit.

190 3907 316 3971 Quoties
329 3908 408 3969 enim
421 3918 465 3969 est
479 3908 530 3967 illa
552 3927 642 3968 causa
663 3927 681 3967 a
704 3907 788 3969 nobis
802 3918 868 3968 acta
885 3908 915 3967 in
937 3908 1058 3966 senatu!
1081 3906 1186 3985 quibus
