2702 4464
141 352 181 411 38
400 350 537 401 ORATIO
560 352 606 401 IV.
628 352 665 400 IN
689 351 719 400 L.
743 351 956 402 CATILINAM.

193 493 241 550 die
261 492 393 563 maximis
412 493 536 568 praemiis
556 494 659 551 affecit.
701 494 768 551 Jam
788 495 843 552 hoc
863 495 973 553 nemini
992 495 1111 553 dubium
1125 505 1178 568 est,

194 573 243 645 qui
263 591 313 628 reo
328 573 498 643 custodiam,
513 573 655 646 quaesitori
676 574 905 648 gratulationem,
920 575 1010 631 indici
1030 577 1179 650 praemium

194 651 330 719 decrevit,
351 650 420 724 quid
447 651 483 706 de
509 651 569 707 tetri
592 670 623 707 re
644 660 673 707 et
693 653 782 707 causa
806 652 951 726 judicririt.
993 654 1035 709 At
1055 653 1122 710 verb
1143 655 1177 711 Ο.

194 727 292 784 Caesar
307 728 450 804 intelligit,
464 728 559 805 legem
574 729 772 804 Semproniam
786 749 848 786 esse
863 731 898 787 de
913 731 1024 787 civibus
1038 732 1180 789 Romanis

159 804 177 855 5
194 807 395 875 constitutam3
418 806 466 881 qui
481 817 577 863 autern
590 806 755 881 reipublicae
769 808 806 865 sit
819 808 918 878 hostiS,
929 827 995 865 eum
1010 809 1102 866 civem
1116 830 1179 867 esse

193 884 272 941 nullo
292 885 376 941 modo
394 903 492 959 posse3
514 885 638 958 denique
659 884 751 959 ipsum
771 885 890 943 latorem
903 887 975 963 legis
994 889 1178 963 Semproniae,

193 962 303 1037 injussu
323 962 429 1037 populi,
449 981 548 1037 poeuas
571 962 736 1037 reipublicae
764 963 942 1039 dependisse.
983 965 1066 1023 Idem
1088 967 1180 1041 ipsum

197 1040 361 1109 Lentulum,
375 1040 539 1115 largitorem
553 1046 589 1097 et
606 1040 766 1115 prodigum,
781 1061 838 1099 non
850 1054 941 1118 putat,
956 1043 1024 1100 cdm
1038 1045 1074 1100 de
1087 1045 1179 1119 perui,-

195 1117 240 1174 cie
253 1118 349 1193 poprdi
369 1118 506 1189 Romani,
521 1128 550 1174 et
568 1118 656 1175 exitio
669 1119 754 1193 hujus
768 1120 856 1190 urbis,
871 1131 930 1177 tarn
945 1120 1049 1179 acerbe
1064 1132 1179 1195 tamque

142 1197 177 1250 10
196 1197 349 1253 crudeliter
364 1196 507 1272 cogitlrrit,
523 1197 658 1271 appellari
671 1216 753 1272 posse
766 1198 938 1273 popularem.
979 1199 1082 1273 Itaque
1097 1201 1180 1257 bomo

195 1274 362 1331 mitissimus
377 1285 462 1349 atque
475 1274 639 1331 lenissimus
652 1295 710 1334 non
725 1275 836 1332 dubitat
850 1276 881 1333 P.
897 1277 1053 1334 Lentulum
1067 1277 1180 1334 aeternis

195 1352 322 1411 tenebris
335 1353 513 1426 vinculisque
527 1354 681 1411 mandare:
703 1363 732 1410 et
746 1354 840 1410 sancit
853 1354 881 1411 in
895 1365 1048 1430 posterum,
1058 1374 1095 1411 ne
1106 1356 1178 1429 quis,
1236 1378 1241 1385 ¹

195 1431 281 1505 hujus
301 1431 440 1506 supplicio
459 1432 589 1502 levando,
610 1451 641 1488 se
665 1431 786 1506 jactare,
807 1442 836 1488 et
856 1433 886 1489 in
909 1432 1063 1511 [pernicie]
1084 1434 1179 1509 populi

194 1509 322 1566 Romani
335 1511 454 1585 posthac
466 1510 610 1586 popularis
623 1529 696 1580 esse,
704 1509 799 1585 possit.
834 1511 977 1587 Adjungit
990 1510 1077 1568 etiam
1090 1512 1182 1586 publi·
1252 1530 1260 1545 ·

144 1591 178 1644 15
195 1587 339 1644 cationem
347 1589 496 1658 bonorum,
505 1597 537 1643 ut
549 1607 649 1646 omnes
661 1588 749 1644 animi
758 1589 904 1645 cruciatus
917 1599 946 1646 et
960 1589 1084 1665 corporis
1093 1591 1180 1646 etiam

196 1675 308 1742 egestas
322 1684 357 1722 ac
369 1666 543 1723 mendicitas
557 1675 756 1739 consequatur.
780 1652 799 1733 l

234 1744 287 1802 VI.
318 1744 527 1814 Quamobrem,
537 1744 596 1801 sive
611 1746 665 1801 boc
680 1745 845 1817 statueritis,
859 1746 995 1803 dederitis
1009 1746 1080 1803 mihi
1094 1747 1180 1805 comi·

194 1833 253 1881 tem
275 1823 311 1879 ad
332 1822 510 1893 concionem,
524 1824 628 1898 populo
647 1842 747 1879 carum
769 1834 853 1898 atque
864 1825 1041 1900 jucundum:
1063 1825 1123 1881 sive
1137 1825 1181 1881 Si·

194 1902 254 1958 lani
268 1901 439 1958 sententiam
454 1901 535 1975 sequi
549 1901 716 1972 malueritis,
728 1901 813 1960 facile
828 1922 874 1960 me
889 1913 974 1977 atque
987 1923 1036 1960 vos
1050 1922 1067 1960 a
1081 1905 1181 1960 crude·

142 1990 178 2044 20
195 1979 283 2036 litatis
303 1979 509 2055 vituperatione
530 1979 705 2049 defendetis3
736 1991 820 2054 atque
840 1981 984 2051 obtinebo,
1005 2001 1070 2039 eam
1090 1979 1179 2039 multd

195 2058 330 2116 leviorem
351 2058 446 2115 fuisse.
484 2058 676 2131 Quanquam,
693 2059 793 2115 Patres
813 2059 987 2134 conscripti,
1008 2079 1071 2132 quae
1090 2069 1181 2135 potest

196 2156 259 2193 esse
273 2137 389 2193 intanti
408 2136 524 2193 sceleris
545 2136 723 2194 immanitate
742 2137 888 2212 puniendi
909 2138 1084 2195 crudelitas?
1118 2138 1182 2213 Ego

195 2215 273 2272 enim
294 2216 330 2272 de
350 2234 415 2272 meo
434 2234 520 2272 sensu
538 2214 646 2290 judico.
686 2215 716 2271 N
720 2234 775 2285 am,
790 2215 831 2272 ita
843 2216 915 2272 mihi
935 2216 1013 2272 salvia
1033 2216 1181 2291 republica

195 2294 343 2351 vobiscum
353 2293 460 2368 perfrui
473 2293 570 2364 liceat,
580 2303 611 2350 ut
625 2313 689 2368 ego,
698 2291 775 2367 qubd
784 2293 813 2350 in
825 2295 880 2351 hac
890 2293 1181 2351 causrivehementior
1215 2320 1216 2324 ¹

142 2377 179 2431 25
196 2391 269 2442 sum,
284 2392 341 2429 non
356 2372 505 2429 atrocitate
520 2371 608 2428 animi
622 2391 744 2442 moveor,
756 2370 833 2448 (quis
843 2372 921 2429 enim
935 2383 978 2428 est
991 2391 1038 2428 me
1053 2372 1179 2451 mitiorl)

196 2452 247 2507 sed
267 2450 406 2526 singulari
427 2450 551 2523 quedam
578 2450 757 2508 humanitate
777 2462 807 2507 et
826 2450 1032 2509 misericordia.
1074 2450 1181 2507 Videor

196 2529 274 2586 enirn
294 2528 365 2584 mihi
386 2530 462 2585 banc
482 2529 583 2584 urbem
603 2528 710 2598 videre,
725 2528 821 2585 lucem
841 2529 918 2586 orbis
938 2539 1078 2586 terrarum
1097 2537 1182 2601 atque

197 2626 293 2663 arcem
313 2607 441 2664 omnium
461 2606 601 2681 gentium,
616 2604 711 2662 subitb
732 2625 790 2662 uno
810 2607 945 2665 incendio
963 2606 1179 2663 concidentem:

196 2704 284 2741 cerno
313 2684 417 2753 animo,
442 2684 552 2759 sepultis
581 2683 611 2740 in
638 2684 741 2758 patriai,
768 2684 887 2741 miseros
915 2695 999 2758 atque
1028 2684 1182 2758 insepultos

143 2768 178 2822 30
197 2781 313 2819 acervos
334 2761 458 2818 civium:
479 2770 607 2817 versatur
621 2761 692 2817 mihi
707 2771 773 2818 ante
787 2763 885 2819 oculos
899 2772 1030 2837 aspectus
1048 2761 1181 2837 Cethegi,

196 2851 225 2897 et
239 2841 325 2910 furor,
337 2839 367 2896 in
381 2838 474 2895 vestrd
486 2840 565 2895 caede
579 2839 756 2895 bacchantis.
795 2839 872 2896 Cum
885 2838 953 2897 verb
968 2839 1038 2896 mihi
1051 2841 1182 2914 proposui

195 2929 365 2994 regnantem
385 2917 541 2975 Lentulum
557 2916 646 2994 (sicut
666 2917 726 2992 ipse
746 2937 777 2974 se
798 2937 834 2974 ex
852 2918 916 2975 satis
931 2918 1059 2994 sperdsse
1074 2918 1183 2974 conses-

196 3016 244 3053 sus
271 2998 339 3076 est),
359 3005 546 3072 purpuratum
574 3014 637 3052 esse
665 2996 743 3052 hunc
770 2997 938 3067 Gabinium,
960 3015 1027 3053 cum
1055 2996 1183 3053 exercitu

196 3075 310 3133 venisse
331 3075 504 3143 Catilinam
525 3084 587 3130 tum
600 3074 835 3132 lamentationem
849 3074 1107 3145 matrumfamilias,
1122 3084 1183 3130 tum

143 3155 180 3210 35
198 3153 296 3229 fugam
316 3154 460 3228 virginum
488 3162 573 3225 atque
599 3170 762 3227 puerorum,
784 3171 819 3209 ac
840 3154 1026 3210 vexationem
1040 3153 1183 3228 virginum

196 3232 369 3301 Vestalium,
389 3231 591 3306 perhorresco:
619 3240 657 3301 et,
679 3231 747 3303 quia
766 3230 837 3287 mihi
857 3232 1042 3288 vehementer
1062 3232 1125 3289 haec
1145 3230 1185 3286 vi·
1206 3274 1214 3283 .

197 3312 301 3368 dentur
314 3310 420 3366 misera
434 3320 518 3382 atque
532 3308 705 3379 miseranda,
716 3309 827 3367 idcirco
836 3308 866 3365 in
875 3329 933 3379 eos,
943 3309 992 3382 qui
1003 3309 1184 3383 eaperticere

197 3390 358 3459 voluerunt,
368 3407 413 3444 me
422 3405 552 3445 severum
560 3387 816 3461 vehementemque
824 3387 946 3462 praebeo.
981 3386 1099 3444 Etenim
1110 3406 1185 3459 quae·

198 3488 239 3538 ro,
254 3467 278 3524 si
293 3467 356 3541 quis
369 3465 582 3542 paterfamilias,
596 3465 695 3522 liberis
712 3466 771 3522 suis
786 3485 803 3522 a
816 3484 897 3522 servo
914 3465 1082 3535 interfectis,
1097 3484 1184 3522 uxore

145 3551 181 3604 40
197 3546 305 3616 occisa,
320 3545 439 3603 incensi
460 3545 553 3614 domo,
568 3543 738 3619 supplicium
759 3545 795 3601 de
816 3543 904 3601 servis
924 3563 982 3601 non
999 3543 1086 3618 qudm
1108 3562 1185 3600 acer·

198 3623 347 3679 bissimum
368 3623 535 3697 sumpserit3
557 3621 653 3679 utrbm
668 3622 692 3678 is
706 3622 833 3679 clemens
848 3641 883 3678 ac
897 3622 1069 3692 misericors,
1086 3640 1121 3677 an
1144 3620 1185 3676 in·

199 3701 421 3757 humanissimus
435 3709 464 3756 et
478 3700 702 3770 crudelissimus,
717 3720 780 3757 esse
794 3700 946 3756 videaturl
967 3700 1038 3756 mihi
1052 3697 1185 3754 verd'im·

145 3792 150 3800 '
198 3790 336 3855 portunus
346 3797 380 3835 ac
392 3778 510 3847 ferreus,
522 3777 571 3850 qui
582 3798 650 3846 non,
659 3779 755 3835 dolore
767 3798 801 3834 ac
813 3778 944 3835 cruciatu
955 3776 1185 3843 nocentis,suum

199 3858 324 3915 dolorem
346 3855 563 3929 cruciatumque
582 3855 705 3913 lenierit.
748 3856 799 3913 Sic
819 3875 880 3926 nos,
895 3855 926 3912 in
946 3855 991 3911 his
1011 3852 1184 3924 bominibus,
