2702 4464
334 331 341 343 '
417 349 555 399 onxmo
576 349 646 398 ruo
668 349 701 407 o.
723 312 885 397 Licinio.
1154 352 1194 410 ῃ

197 495 298 570 Itaque
312 513 382 552 num
395 493 447 550 tibi
461 493 568 564 videor,
583 492 691 561 Oaesar,
706 491 735 548 in
750 491 839 548 causa
857 490 967 570 Ligarii
984 501 1143 568 occupatus

158 576 242 631 essel
262 592 331 630 uum
352 575 388 629 de
408 572 471 647 ejus
491 571 567 629 facto
587 571 706 627 dicerel
745 569 899 645 Quidquid
919 570 988 641 dixi,
1003 572 1142 628 adunam

158 671 298 708 summam
328 651 428 708 referri
457 650 520 707 volo
542 649 586 707 vel
616 648 812 718 humanitatis,
833 648 877 705 vel
906 648 1076 718 clementie,
1097 649 1141 706 vel
1170 710 1176 719 ¹

158 731 361 787 misericordie
388 740 454 786 tuae.
496 729 617 798 Causas,
638 727 747 797 Cesar,
768 726 816 802 egi
841 726 955 797 multas,
976 727 1141 801 etquidem

157 819 263 878 tecum,
278 810 347 864 dum
367 817 396 865 te
416 808 447 864 iu
468 808 527 865 soro
546 806 639 862 tenuit
658 805 730 862 ratio
751 805 889 862 honorum
909 815 1040 862 tuorum:
1061 804 1140 862 certe
1175 798 1193 850 5

157 905 303 961 nunquam
330 888 386 943 hoc
413 887 506 955 modo,
528 891 546 917 “
558 884 714 961 Ignoscite,
733 884 864 960 judices:
894 885 1014 953 erravit3
1044 884 1141 959 lapsus

158 975 218 1034 est;
249 984 307 1022 non
326 964 452 1041 putavit:
482 964 507 1020 si
527 981 654 1037 unquam
682 962 909 1039 posthac'’....Ad
930 973 1077 1038 parentem
1098 963 1141 1020 sic

159 1043 206 1118 agi
217 1043 304 1100 solet:
326 1044 362 1100 ad
370 1043 492 1118 judiceS,
502 1049 520 1074 “
532 1041 600 1098 Nou
610 1040 697 1110 fecit;
718 1060 776 1098 nou
790 1040 941 1116 cogitavit3
963 1040 1027 1097 falsi
1037 1052 1139 1111 testes;

159 1122 259 1178 fictum
279 1121 416 1178 crimeu.’'
457 1121 524 1190 Dic,
545 1130 584 1190 te,
603 1119 712 1190 Cesar,
732 1121 768 1176 de
789 1119 864 1176 sacto
884 1118 995 1196 Ligarii
1012 1119 1142 1195 judicem

159 1219 238 1256 esse:
266 1200 370 1274 quibus
390 1199 420 1256 in
439 1199 578 1275 praesidiis
601 1198 696 1268 fuerit,
717 1217 819 1272 quaere.
861 1198 970 1255 Taceo.
1011 1197 1059 1254 Ne
1080 1199 1142 1255 haec
1160 1195 1194 1248 1⁰

158 1278 274 1352 quidem
294 1278 406 1354 colligo,
427 1298 490 1353 quae
511 1279 628 1335 fortasse
648 1277 775 1333 valerent
794 1277 881 1333 etiarn
902 1277 977 1351 apud
994 1277 1140 1352 judicem:

158 1363 176 1388 “
187 1356 315 1432 Legatus
336 1367 401 1414 aute
422 1358 528 1414 bellum
547 1355 700 1432 profectus,
719 1355 836 1411 relictus
856 1355 886 1411 in
905 1374 988 1431 pace,
1003 1356 1077 1413 bello
1095 1375 1142 1431 op·

157 1453 280 1509 pressus,
295 1434 324 1491 in
339 1455 374 1492 eo
387 1455 444 1493 nou
459 1435 590 1505 acerbus,
604 1444 665 1490 tum
685 1433 771 1490 etiarn
791 1443 867 1490 totus
887 1433 983 1491 auimo
1002 1445 1031 1490 et
1048 1436 1142 1491 studio

157 1514 250 1571 tuus'’
294 1514 342 1570 Ad
360 1514 489 1590 judicem
509 1514 552 1570 sic
573 1512 619 1588 agi
640 1512 729 1568 solet:
751 1513 801 1568 sed
815 1531 869 1588 ego
883 1513 919 1568 ed
938 1522 1085 1588 parentem
1102 1513 1142 1570 lo·

157 1610 244 1665 quor;
267 1598 285 1624 “
298 1592 418 1662 Erravi3
440 1590 549 1649 temere
564 1591 639 1660 seci;
660 1590 797 1666 poenitet:
819 1591 855 1647 ad
869 1591 1052 1648 clementiam
1061 1601 1141 1648 tuam
1159 1601 1193 1653 15

158 1671 310 1747 confugi03
332 1671 431 1728 delicti
451 1671 565 1727 veniam
578 1679 644 1745 peto
654 1688 661 1738 ;
684 1678 715 1725 ut
729 1668 871 1745 ignoscas,
884 1670 961 1726 oro.''
1004 1670 1037 1726 Si
1056 1689 1141 1727 nemo

158 1749 327 1823 impetravit,
350 1759 532 1826 arroganter3
560 1749 585 1804 si
607 1747 732 1822 plurimi,
753 1756 784 1803 tu
812 1747 888 1804 idem
915 1747 956 1804 fer
979 1767 1071 1824 opem,
1092 1750 1141 1823 qui

124 1882 128 1890 ,
157 1846 236 1902 spem
250 1828 364 1885 dedisti.
406 1830 455 1885 An
470 1827 604 1903 sperandi
624 1826 742 1901 Ligario
755 1844 843 1883 causa
857 1846 914 1884 non
928 1827 974 1897 sit,
989 1826 1057 1885 curn
1070 1827 1142 1884 mihi

159 1908 234 1980 apud
253 1916 282 1963 te
302 1907 339 1963 sit
358 1907 439 1964 locus
459 1906 547 1962 etiam
565 1924 616 1980 pro
636 1905 723 1961 altero
737 1904 933 1979 deprecandil
965 1905 1141 1980 Quanquam

158 2003 251 2058 neque
272 1985 302 2041 iu
322 1986 378 2042 hac
397 1985 525 2043 oratione
545 2003 610 2059 spes
630 1993 673 2040 est
692 1982 784 2058 posita
804 2001 908 2054 cause,
923 2002 978 2041 uec
999 1985 1028 2042 in
1043 2003 1141 2041 eorum
1158 1978 1194 2032 20

159 2062 271 2133 studiis,
285 2063 333 2137 qui
348 2082 365 2119 a
377 2073 407 2120 te
419 2083 470 2139 pro
483 2062 601 2138 Ligurio
614 2070 723 2137 petunt,
737 2061 780 2117 tui
793 2062 958 2119 necessarii.

198 2140 255 2197 XI.
290 2141 359 2197 Vidi
378 2143 456 2198 euim
476 2151 506 2199 et
526 2141 656 2216 cognovi,
670 2140 739 2215 quid
759 2139 883 2197 maxime
905 2150 1060 2216 spectares,
1074 2139 1141 2199 clun

158 2238 210 2294 pro
231 2218 353 2295 alicujus
372 2221 464 2277 salute
484 2219 566 2276 multi
586 2219 766 2276 laborarent:
788 2238 891 2277 causas
912 2221 987 2295 apud
1000 2230 1028 2277 te
1042 2239 1143 2296 rogan·

159 2297 232 2354 tium
253 2297 395 2373 graviores
415 2318 488 2369 esse,
502 2297 589 2373 quim
608 2298 718 2366 vultus;
740 2317 833 2372 neque
853 2307 983 2373 spectare
1003 2308 1042 2368 te,
1056 2295 1142 2373 quam

158 2385 227 2432 tuus
247 2385 324 2432 esset
346 2377 524 2434 necessarius
544 2376 637 2452 isqui
657 2386 686 2433 te
705 2387 808 2447 oraret,
823 2377 874 2433 sed
894 2375 980 2450 quim
993 2376 1079 2446 illius,
1092 2395 1144 2452 pro
1159 2377 1195 2430 25

159 2473 216 2529 quo
236 2453 386 2511 laboraret.
427 2455 527 2530 Itaque
546 2454 649 2512 tribuis
668 2465 700 2510 tu
720 2454 835 2529 quidem
855 2454 912 2511 tuis
932 2454 973 2511 ita
992 2455 1091 2524 multa,
1112 2465 1144 2511 ut

160 2532 232 2588 mihi
253 2532 394 2589 beatiores
413 2533 455 2591 illi
475 2553 536 2591 esse
558 2535 707 2591 videantur
727 2532 880 2603 interdum,
895 2532 943 2607 qui
957 2533 1007 2589 tuti
1020 2532 1144 2589 liberali·

159 2619 219 2667 tate
240 2610 381 2682 fruuntur,
402 2609 487 2687 qudm
507 2622 538 2669 tu
558 2612 628 2688 ipse,
649 2612 699 2687 qui
726 2611 782 2668 illis
809 2622 869 2668 tam
889 2611 979 2668 multa
999 2612 1142 2669 concedis.

161 2689 220 2745 Sed
240 2689 323 2747 video
342 2699 448 2761 tamen,
464 2692 538 2767 apud
558 2702 588 2748 te
608 2709 711 2748 causas
726 2689 772 2768 (ut
785 2690 858 2769 dixi)
873 2690 1035 2767 rogantium
1048 2690 1143 2748 valere

159 2767 231 2842 plus,
253 2766 339 2843 quarn
360 2789 479 2845 preces;
508 2771 545 2826 ab
568 2769 659 2844 iisque
682 2779 711 2827 te
735 2769 841 2828 moveri
867 2768 1002 2840 maxime,
1022 2788 1143 2844 quorum
1158 2767 1195 2821 30

156 2845 346 2921 justissimum
360 2848 486 2906 dolorem
500 2847 597 2905 videas
612 2849 641 2905 iu
655 2848 785 2924 petendo.

198 2924 234 2981 Iu
260 2925 301 2986 Q.
328 2925 446 3003 Ligario
473 2922 678 2998 conservando,
705 2927 802 2984 multis
828 2937 860 2984 tu
886 2926 1002 3002 quidem
1029 2936 1143 3003 gratum

160 3003 249 3060 facies
275 3005 445 3062 necessariis
471 3005 547 3063 tuis:
581 3005 631 3061 sed
659 3007 723 3074 boc,
744 3025 849 3080 quaeso,
878 3005 1037 3075 considera,
1068 3006 1143 3080 quod

159 3081 240 3138 soles.
282 3082 402 3139 Possum
423 3083 693 3153 fortissimos‘viros,
708 3084 840 3154 Sabinos,
855 3084 907 3140 tibi
921 3083 1142 3159 probatissimos,

159 3169 305 3235 totumque
320 3179 420 3237 agrum
436 3161 587 3231 Sabinum,
602 3159 700 3219 florem
714 3161 805 3218 Italiae
821 3181 856 3219 ac
869 3162 954 3219 robur
968 3161 1143 3237 reipublicae,
1160 3157 1196 3211 35

159 3256 323 3312 proponere.
363 3238 451 3296 Nosti
483 3238 589 3314 optime
623 3239 761 3297 homiues.
803 3240 1010 3296 Animadverte
1042 3240 1144 3295 horum

159 3316 287 3372 omniurn
307 3317 472 3374 moestitiam
492 3328 521 3374 et
540 3318 685 3375 dolorem:
716 3317 801 3393 hujus
820 3317 858 3374 T.
879 3317 1004 3374 Brocchi
1019 3316 1069 3392 (de
1089 3335 1146 3391 quo

159 3395 337 3528 noqldubito
362 3395 431 3470 quid
457 3396 615 3475 existimes)
636 3395 788 3471 lacrymas,
809 3396 1035 3471 squaloremque,
1056 3394 1145 3470 ipsius

160 3480 189 3528 et
212 3472 254 3528 rii
268 3473 354 3531 vides.

198 3550 281 3611 Quid
302 3552 338 3608 de
358 3552 493 3610 fratribus
513 3553 632 3610 dicaml
665 3550 745 3623 Noli,
760 3551 869 3621 Cesar,
882 3560 993 3627 putare,
1008 3551 1044 3608 de
1058 3550 1144 3608 unius
1160 3546 1196 3600 40

160 3629 254 3704 capite
268 3649 320 3687 nos
334 3649 428 3706 agere.
470 3633 531 3688 Aut
550 3641 609 3689 tres
629 3630 681 3688 tibi
702 3630 813 3706 Ligarii
827 3630 969 3687 retinendi
984 3630 1144 3688 incivitate

160 3717 236 3778 sunt,
252 3718 301 3764 aut
320 3719 377 3766 tres
400 3728 436 3766 ex
457 3710 574 3782 civitate
597 3708 815 3766 exterminandi.
856 3708 989 3770 Quodvis
1011 3709 1144 3766 exsilium

160 3784 205 3841 his
225 3795 268 3842 est
287 3786 419 3863 optatius,
440 3786 526 3862 quum
546 3788 648 3864 patria,
669 3786 755 3862 quim
776 3788 886 3858 domus,
910 3785 997 3862 quim
1020 3787 1070 3844 Dii
1096 3807 1144 3864 pe-

159 3873 252 3936 nates,
266 3883 324 3924 uno
343 3865 392 3924 illo
411 3868 568 3980 expulante.
610 3866 643 3925 Si
658 3864 793 3938 fraterne,
807 3866 832 3925 si
844 3864 903 3943 pie,
917 3866 942 3924 si
956 3867 1143 3938 cumdolore,

415 3947 434 4003 7
