2702 4464
399 331 536 382 ORATlO
558 332 608 382 111.
630 332 669 381 IN
690 332 721 382 L.
744 333 959 384 CATILINAM.
1187 334 1229 397 27

193 487 277 548 runt,
298 487 327 534 et
341 496 395 552 ego
408 496 444 534 ex
459 476 631 553 praefectura
649 476 779 534 Reatina
794 477 955 553 complures
969 478 1097 538 delectos
1111 478 1178 535 ado·

194 558 345 627 lescentes,
359 574 480 630 quorum
499 555 585 632 opera
599 557 630 613 in
643 556 806 632 republica
827 556 942 614 assidue
957 567 1031 627 utor,
1044 556 1179 633 presidio

195 654 262 692 cum
275 635 380 711 gladiis
392 634 536 693 miseram.
571 634 692 692 Interim
702 636 788 693 tertia
800 634 860 692 sere
872 635 970 712 vigilia
984 636 1097 707 exacta,
1108 634 1177 693 clun

191 715 252 792 jam
264 724 380 789 pontem
400 712 544 771 Mulvium
558 733 663 791 magno
677 714 856 771 comitatulo
878 716 918 771 ati
933 714 1121 792 Allobrogum
1136 713 1178 771 in-

194 794 276 870 gredi
303 792 474 868 inciperent,
495 793 611 868 undque
637 793 824 863 Vulturcium
855 733 887 850 dt
911 793 941 851 in
965 813 1014 850 eos
1034 794 1177 869 impetus:
1212 787 1231 841 5

194 874 358 930 educuntur
369 881 398 928 et
413 872 450 928 ab
460 872 517 928 illis
520 871 626 948 gladii,
637 882 667 929 et
681 891 698 929 a
711 872 824 930 nostris.
866 872 929 929 Res
939 882 1001 930 erat
1010 872 1179 949 praetoribus

152 1016 169 1030 π
193 962 262 1010 nota
276 951 359 1008 solis:
381 950 567 1027 ignorabatur
582 969 599 1008 a
612 951 733 1008 ceteris.
761 998 767 1009 .

123 1026 137 1055 ”
154 1032 168 1085 ,¹
235 1029 294 1087 ΙΙΙ.
335 1030 426 1100 Tum,
441 1030 603 1087 interventu
617 1030 761 1106 Pomptini
776 1039 861 1105 atque
874 1028 987 1101 Flacci,
998 1048 1105 1106 pugna,
1116 1048 1179 1105 quae

142 1098 155 1135 '¹
195 1120 257 1167 erat
285 1108 449 1180 commissa,
471 1109 596 1166 sedatur.
638 1108 754 1180 Literae,
778 1128 958 1184 quecunque
985 1120 1068 1166 erant
1094 1109 1124 1166 in
1146 1128 1181 1166 eo

196 1188 346 1259 comitatu,
358 1188 477 1264 integris
491 1188 591 1265 signis,
601 1188 770 1263 praetoribus
783 1189 953 1246 traduntur:
974 1188 1039 1264 ipsi,
1054 1207 1181 1264 compre·
1198 1180 1233 1234 1⁰

196 1267 290 1339 heusi,
305 1267 342 1324 ad
356 1286 413 1338 me,
423 1264 491 1323 crim
502 1266 563 1342 jam
574 1266 775 1338 dilucesceret,
787 1268 979 1324 deducuntur.
1021 1268 1119 1342 Atque
1133 1268 1182 1323 ho·

196 1365 261 1404 rum
274 1346 403 1404 omnium
424 1346 567 1403 scelerum
587 1346 830 1422 improbissimum
849 1346 1087 1411 machinatorem.
1102 1345 1182 1403 Cim·

197 1426 281 1483 brum
294 1425 462 1496 Gabinium,
478 1425 575 1482 statim
586 1425 622 1482 ad
635 1443 692 1496 me,
703 1425 847 1482 nihildum
857 1425 1061 1500 suspicantem,
1072 1424 1181 1482 vocavi.

197 1503 313 1562 Deinde
327 1505 396 1562 item
411 1504 564 1561 arcessitur
579 1505 610 1561 P.
627 1504 768 1574 Statilius,
780 1514 809 1560 et
821 1513 884 1579 post
898 1522 964 1561 eum
979 1504 1014 1560 C.
1024 1503 1181 1579 Cethegus

197 1581 379 1641 Tardissime
395 1593 492 1640 autem
505 1583 648 1640 Lentulus
661 1583 749 1654 venit,
761 1583 858 1653 credo,
869 1579 1058 1663 qudd,literis
1069 1582 1182 1656 dandis,
1201 1577 1236 1632 15

197 1672 299 1740 praeter
314 1663 564 1733 consuetudinem,
577 1662 707 1738 proximi
720 1673 806 1720 nocte
820 1663 961 1738 vigilaret.

238 1740 316 1800 Ciam
329 1740 397 1799 vero
412 1741 533 1798 summis
554 1760 589 1798 ac
610 1741 777 1799 clarissimis
794 1741 879 1817 hujus
894 1740 1018 1798 civitatis
1031 1740 1109 1811 viris,
1123 1739 1183 1815 qui,

200 1821 298 1879 auditi
312 1838 353 1892 re,
368 1821 532 1897 frequentes
554 1821 590 1878 ad
610 1839 658 1877 me
675 1818 761 1877 mand
777 1830 981 1891 convenerant,
994 1820 1092 1877 literas
1107 1839 1124 1876 a
1138 1838 1185 1876 me

198 1897 278 1978 priris
292 1900 406 1976 aperiri,
420 1898 508 1976 qubm
523 1900 559 1957 ad
573 1909 706 1957 senatum
719 1900 834 1970 deferri,
848 1899 993 1975 placeret;
1015 1918 1063 1970 ae,
1074 1899 1098 1956 si
1112 1898 1185 1959 nihil

200 1990 276 2036 esset
289 1979 447 2050 inventum,
461 1977 570 2037 temere
586 1998 603 2036 a
616 1997 664 2036 me
677 1988 774 2036 tantus
787 1979 927 2039 tumultus
938 1977 1061 2054 injectus
1076 1977 1186 2035 civitati
1202 1979 1239 2034 20

200 2058 361 2128 videretur;
382 2059 486 2135 negavi
500 2077 547 2116 me
561 2078 625 2116 esse
639 2058 793 2129 facturum,
808 2067 849 2129 ut,
864 2058 901 2114 de
916 2057 1046 2133 periculo
1058 2056 1185 2133 publico,

201 2157 259 2195 nou
274 2139 310 2195 ad
325 2138 476 2195 consilium
489 2138 639 2214 publicum
649 2156 711 2195 rem
722 2137 864 2214 integram
875 2136 1025 2194 deferrem.
1058 2136 1186 2208 Etenim,

200 2216 344 2287 Quirites,
359 2217 383 2274 si
397 2235 442 2288 ea,
456 2236 519 2292 quar
534 2227 617 2275 erant
637 2217 674 2274 ad
694 2235 741 2274 me
755 2216 861 2288 delata,
875 2225 989 2292 reperta
1002 2235 1059 2273 non
1073 2224 1186 2286 essent;

202 2304 301 2352 tamen
315 2315 369 2371 ego
382 2315 439 2353 non
455 2296 624 2367 arbitrabar,
635 2296 665 2353 in
679 2295 767 2353 tantis
781 2294 947 2372 reipublicae
958 2294 1105 2370 periculis,
1115 2293 1187 2351 mihi

203 2392 268 2431 esse
278 2373 397 2431 nimiam
408 2374 588 2450 diligentiam
600 2375 869 2451 pertimescendam.
905 2375 1046 2431 Senatum
1057 2373 1189 2448 frequen·
1203 2376 1241 2432 ⁸25

204 2463 264 2510 tem
278 2452 420 2522 celeriter,
429 2462 462 2508 ut
471 2453 591 2524 vidistis,
601 2455 692 2531 co'e'gi.
715 2455 813 2528 Atque
822 2453 933 2510 interea
943 2452 1050 2522 statim,
1063 2452 1189 2510 admoni-

204 2542 236 2589 tu
251 2531 449 2608 Allobrogum,
465 2532 499 2589 C.
516 2533 687 2608 Sulpicium,
700 2543 860 2609 praetorem,
876 2531 976 2589 fortem
995 2530 1097 2602 virum,
1112 2531 1188 2603 misi,

203 2611 263 2686 qui,
284 2629 320 2668 ex
341 2611 451 2668 aedibus
471 2612 605 2689 Cethegi,
623 2612 648 2670 si
667 2613 737 2687 quid
756 2612 878 2669 telorum
899 2619 985 2681 esset,
1000 2611 1132 2669 efferret:
1153 2630 1190 2668 ex

203 2690 371 2766 quibusille
384 2691 540 2748 maximum
555 2692 681 2749 sicarum
694 2709 847 2749 numerum
861 2700 890 2748 et
903 2690 1064 2768 gladiorum
1077 2690 1187 2748 extulit.

243 2769 297 2829 IV.
340 2769 490 2828 Introduxi
514 2770 701 2829 Vulturcium
724 2771 788 2828 sine
809 2770 919 2828 Gallis:
951 2769 1038 2827 fidem
1065 2769 1093 2827 ei
1119 2770 1190 2846 pub·
1205 2773 1242 2828 30

170 2848 175 2855 '
203 2849 301 2919 licam,
319 2848 402 2924 jussu
423 2849 550 2921 senatus,
565 2851 649 2908 dedi:
671 2852 800 2908 hortatus
819 2868 893 2921 sum,
908 2858 940 2906 ut
954 2868 999 2920 ea,
1013 2867 1076 2925 quar
1091 2850 1188 2920 sciret,

203 2928 265 2986 sine
276 2929 379 2985 timore
389 2928 541 2986 iudicaret.
583 2930 663 2986 Tum
674 2929 732 3001 ille,
744 2926 813 2987 clim
823 2924 870 2986 le
880 2948 911 2986 se
922 2948 958 2986 ex
971 2947 1077 3005 magno
1087 2928 1190 2986 timore

203 3008 373 3078 recreasset,
387 3008 469 3078 dixit,
485 3026 502 3063 a
523 3007 555 3065 P.
570 3007 695 3066 Lentulo
708 3027 739 3066 se
754 3009 861 3066 habere
875 3008 912 3065 ad
932 3007 1090 3065 Catilinam
1111 3026 1191 3064 man·

203 3086 272 3143 data
292 3096 321 3144 et
340 3087 449 3158 literaS,
463 3097 496 3144 ut
510 3102 655 3144 servorum
674 3088 807 3163 presidio
827 3097 965 3157 uteretur,
980 3096 1010 3144 et
1024 3087 1060 3143 ad
1080 3086 1190 3143 Urbem

204 3163 416 3241 quamprimum
437 3166 647 3227 cumexercitu
662 3164 833 3224 accederet:
855 3167 885 3224 id
901 3177 997 3223 autem
1011 3185 1046 3224 eo
1060 3165 1189 3235 consilio,
1207 3164 1243 3219 35

204 3253 246 3314 ut,
261 3263 329 3302 cum
342 3243 452 3303 Urbem
465 3245 599 3302 omnibus
612 3263 648 3303 ex
660 3245 799 3321 partibus,
810 3245 1052 3322 quemadmodum
1066 3244 1192 3320 descrip-

204 3332 266 3379 tum
286 3323 528 3401 distributumque
549 3333 620 3394 erat,
638 3324 845 3395 incendissent,
860 3324 1027 3399 cademque
1048 3322 1191 3380 infinitam

204 3401 312 3459 civium
327 3402 464 3460 fecissent
472 3423 480 3474 ;
500 3401 604 3480 praesto
619 3412 695 3461 esset
709 3403 767 3474 ille,
777 3402 827 3479 qui
842 3412 871 3460 et
881 3402 1025 3478 fugientes
1036 3401 1191 3477 exciperet,

203 3490 354 3538 etsecum
364 3481 410 3538 his
420 3483 538 3540 urbanis
548 3482 673 3540 ducibus
683 3481 880 3558 conjungeret.
923 3480 1192 3538 Introductiautem

205 3559 294 3628 Galli,
312 3559 514 3636 jusjurandum
540 3561 597 3619 sibi
623 3571 652 3619 et
678 3561 777 3618 literas
798 3579 815 3617 a
838 3560 870 3618 P.
892 3559 1027 3631 Lentulo,
1049 3559 1191 3636 Cethego,
1209 3558 1245 3614 40

207 3638 332 3709 Statilio,
348 3639 382 3695 ad
405 3659 486 3696 suam
503 3651 620 3717 gentem
635 3641 717 3697 datas
730 3658 794 3697 esse
808 3638 960 3710 dixerunt3
983 3650 1068 3715 atque
1083 3640 1123 3697 ita
1137 3639 1192 3697 sibi

207 3718 244 3773 ab
258 3718 303 3775 his
317 3729 346 3776 et
361 3738 378 3775 a
391 3718 425 3776 L.
440 3719 543 3777 Cassio
556 3739 619 3777 esse
632 3718 842 3795 prescriptum,
856 3729 889 3776 ut
909 3720 1068 3795 equitatum
1084 3720 1114 3777 in
1135 3719 1193 3776 lta·

207 3796 274 3853 liam
289 3796 500 3874 quamprimum
515 3800 662 3857 mitterent
670 3818 677 3868 ;
699 3798 846 3874 pedestres
860 3799 915 3857 sibi
930 3799 1028 3875 copias
1040 3819 1099 3857 non
1113 3799 1194 3855 delu-

207 3888 302 3936 turas:
324 3877 480 3936 Lentulum
501 3888 598 3936 autem
618 3877 674 3937 sibi
696 3877 882 3937 confirmasse
900 3897 937 3937 ex
957 3878 1023 3937 fatis
1044 3875 1195 3955 Sibyllinis
