2658 4468
402 349 538 399 ORATIO
560 349 598 398 IN
620 350 658 398 M.
674 349 877 401 ANTONIUM.
1117 356 1176 414 149

131 490 265 550 habebat.
306 490 401 562 Quin,
416 492 461 548 his
482 491 551 566 ipsis
564 493 750 568 temporibus,
765 493 842 551 domi
857 494 991 566 Caesaris,
1006 515 1124 571 percus·

131 590 189 640 sor,
213 570 250 627 ab
272 570 326 627 isto
348 571 462 640 missus,
483 570 680 646 deprehensus
701 572 851 629 dicebatur
872 592 935 629 esse
958 592 1025 631 cum
1039 575 1121 632 sicit:

131 649 169 705 de
182 667 240 722 quo
253 648 352 705 Caesar
373 648 403 705 in
425 658 538 719 senatu,
554 648 652 724 aperte
675 649 704 706 in
725 660 754 707 te
775 650 923 721 invehens,
937 665 1055 726 questus
1069 662 1121 710 est.

131 726 329 784 Proficiscitur
354 727 384 782 in
399 726 571 802 Hispaniam
585 727 694 798 Cesar,
709 729 810 803 paucis
824 729 876 786 tibi
891 730 927 786 ad
942 731 1121 801 solvendum,

131 816 247 880 propter
261 805 387 880 inopiam
408 815 498 875 tuam,
518 805 676 881 prorogatis
697 806 808 864 diebus.
860 806 907 864 Ne
931 819 992 865 tum
1005 810 1121 884 quidem
1155 810 1175 863 5

132 884 270 957 sequeris.
319 883 396 940 Tam
420 884 512 941 bonus
533 884 674 960 gladiator
694 886 794 941 rudem
815 894 874 941 tam
889 885 948 942 citb
963 889 1122 964 accepistil

133 961 224 1018 Hunc
246 961 333 1037 igitur
353 962 514 1036 quisquam,
532 962 582 1036 qui
605 963 634 1019 in
656 963 718 1019 suis
739 964 876 1038 partibus,
901 963 930 1020 id
950 977 1004 1036 est,
1019 966 1049 1022 in
1063 966 1123 1022 suis

133 1039 265 1110 fortunis,
280 1051 338 1096 tam
352 1041 469 1097 timidus
484 1041 578 1111 suerit,
592 1042 797 1116 pertimescatl

175 1118 279 1174 XXX.
323 1118 473 1176 Profectus
496 1129 540 1176 est
561 1120 677 1177 taudem
702 1119 855 1194 aliquando
876 1119 907 1177 in
931 1119 1104 1195 Hispaniam

132 1198 185 1253 sed
199 1194 272 1266 tutti,
287 1206 319 1253 ut
333 1197 381 1266 ait,
395 1197 544 1272 pervenire
564 1217 621 1254 non
636 1198 735 1273 potuit.
776 1197 915 1269 Quonam
930 1199 1015 1256 modo
1036 1199 1123 1276 igitur
1140 1199 1177 1253 lt)

133 1274 285 1332 Dolabella
304 1276 455 1350 pervenitl
510 1276 572 1333 Ant
591 1295 649 1333 non
669 1275 854 1351 suscipienda
875 1277 927 1333 suit
949 1277 1003 1334 ista
1023 1296 1122 1349 causa,

134 1353 262 1423 Antoni3
291 1363 349 1424 aut,
372 1352 439 1410 curn
459 1354 645 1429 suscepisses,
660 1354 843 1411 defendenda
863 1374 953 1430 usque
976 1356 1012 1412 ad
1032 1367 1124 1413 extre-

133 1451 223 1488 mum.
278 1431 338 1488 Ter
358 1432 534 1508 depugnavit
554 1432 653 1491 Caesar
673 1452 741 1490 cum
762 1433 883 1504 civibus,
904 1435 933 1491 in
956 1434 1122 1505 Thessalia,

134 1509 247 1580 Africa,
276 1510 436 1585 Hispaniis.
478 1509 624 1567 Omnibus
648 1511 729 1568 affuit
756 1512 801 1567 his
824 1513 929 1588 pugnis
953 1512 1122 1570 Dolabella:

133 1588 164 1645 in
190 1588 379 1663 Hispaniensi
400 1589 487 1645 etiam
512 1589 617 1646 vulnus
639 1589 760 1665 accepit.
810 1591 843 1647 Si
865 1591 901 1647 de
925 1609 991 1648 meo
1011 1590 1123 1666 judicio
1140 1588 1180 1643 15

133 1667 257 1742 quaeris;
280 1667 404 1724 nollem:
425 1668 476 1724 sed
497 1677 594 1724 tamen
608 1668 761 1725 consilium
776 1667 897 1743 aprime
910 1669 1125 1744 reprebenden-

134 1746 214 1816 dum,
236 1745 382 1802 laudanda
405 1745 576 1802 constantia.
628 1746 677 1803 Tu
701 1745 769 1803 verb
796 1747 865 1822 quid
893 1749 1013 1804 censesl
1065 1748 1122 1804 Cn.

134 1824 265 1899 Pompeii
286 1824 370 1881 liberi
390 1820 515 1898 primirm
541 1823 662 1899 patriam
686 1825 863 1900 repetebant.
918 1825 1006 1883 Esto:
1038 1825 1125 1883 suerit

135 1903 198 1959 baec
212 1903 335 1978 partium
356 1920 446 1959 causa
466 1901 636 1959 communis.
686 1902 873 1978 Repetebant
893 1915 1031 1978 praeterea
1045 1903 1125 1961 Deos

134 1982 251 2058 patrios,
267 1999 341 2051 aras,
355 1981 444 2051 socos,
457 1980 546 2037 larem
557 2000 641 2038 sumn
656 1981 842 2050 familiarem3
870 1982 900 2038 in
922 2001 986 2056 quae
1000 1992 1032 2039 tu
1046 1982 1125 2039 inva-
1140 1988 1179 2042 20

136 2079 223 2117 seras.
264 2059 339 2116 Haec
362 2078 429 2116 cum
444 2068 606 2134 repeterent
620 2060 707 2116 armis
721 2059 751 2130 ii,
765 2079 884 2134 quorum
899 2070 981 2117 erant
994 2060 1107 2136 legibus
1115 2080 1123 2130 ;

135 2138 190 2195 etsi
204 2138 232 2193 in
248 2139 333 2199 rebus
353 2137 540 2212 iniquissimis
552 2137 621 2212 quid
640 2148 735 2213 potest
754 2157 818 2195 esse
832 2138 926 2214 aquil
954 2148 1052 2195 tamen
1063 2149 1126 2196 erat

137 2216 340 2291 aequissimum,
362 2226 463 2273 contra
480 2215 536 2272 Cu.
547 2215 678 2291 Pompeii
698 2216 813 2283 liberos,
834 2217 889 2274 Cu.
904 2216 1034 2292 Pompeii
1054 2236 1127 2292 pag·
1147 2241 1153 2247 ’

136 2314 207 2352 nare
220 2305 248 2351 te
262 2304 412 2351 sectorem.
454 2295 503 2351 An
524 2303 556 2351 tu
575 2293 714 2352 Narbone
729 2313 843 2352 mensas
864 2281 1007 2369 hospitum
1021 2313 1126 2351 convo-

137 2390 240 2443 meres,
255 2373 406 2430 Dolabella
419 2392 470 2449 pro
484 2382 512 2429 te
527 2372 557 2429 in
572 2371 716 2448 Hispania
730 2373 902 2429 dimicaretl
1141 2385 1179 2439 25

176 2451 239 2513 Qui
259 2449 327 2509 verb
350 2451 488 2509 Narbone
509 2450 638 2508 reditusl
667 2460 807 2507 ettamen
828 2450 983 2524 querebat,
1004 2468 1056 2507 cur
1070 2468 1128 2525 ego

136 2549 175 2588 ex
188 2530 249 2605 ipso
270 2549 356 2587 cursu
377 2540 436 2587 tam
456 2525 551 2586 subitb
572 2529 762 2586 revertissem.
813 2528 941 2604 Exposui
955 2547 1056 2603 nuper,
1071 2527 1129 2585 Pa·

137 2619 195 2666 tres
221 2608 396 2683 Conscripti,
424 2626 542 2665 causam
570 2607 678 2664 reditris
704 2607 771 2664 mei.
826 2607 923 2677 Volui,
951 2607 975 2663 si
1001 2625 1125 2682 possem,

138 2687 226 2744 etiam
242 2699 308 2745 ante
322 2687 468 2744 Calendas
487 2685 651 2756 Januarias,
665 2687 799 2761 prodesse
819 2685 994 2761 reipublice.
1036 2684 1126 2755 Nam,

136 2767 213 2841 quod
234 2766 393 2840 quaerebas,
406 2765 548 2840 quomodo
564 2762 719 2834 redissem3
739 2762 864 2839 primirm
878 2764 954 2834 luce,
968 2783 1027 2821 non
1047 2773 1126 2820 tene
1142 2775 1180 2831 30

140 2844 217 2913 bris3
238 2844 343 2901 deinde
365 2863 432 2906 cunr
453 2842 561 2901 calceis
581 2853 610 2899 et
630 2844 707 2920 toga,
732 2844 819 2900 nullis
833 2862 901 2900 -nec
921 2842 1043 2900 Gallicis
1070 2860 1132 2898 nec·

137 2922 266 2980 lacerni.
308 2923 349 2979 At
362 2923 449 2979 etiam
464 2921 591 2997 adspicis
605 2941 661 2992 me,
675 2932 704 2979 et
717 2923 843 2996 quidem,
856 2932 887 2978 ut
900 2921 1015 2991 videris,
1027 2921 1125 2977 iratus.

140 3000 195 3058 Nae
216 3011 248 3057 ta
274 2998 334 3076 jam
354 3019 470 3058 mecum
489 3000 519 3057 in
539 3000 661 3076 gratiam
681 3001 793 3070 redeas,
814 3001 838 3058 si
859 3000 945 3070 scias,
969 2998 1055 3074 quim
1081 3016 1128 3055 me

138 3080 245 3155 pudeat
264 3079 397 3154 nequitia
417 3089 484 3148 ture,
499 3078 582 3154 cujus
600 3088 628 3135 te
647 3078 741 3154 ipsum
759 3097 817 3135 non
835 3078 931 3153 pudet.
974 3077 1020 3133 Ex
1038 3076 1128 3133 omni·

139 3159 193 3214 bus
214 3158 343 3215 omniurn
365 3157 491 3233 flagitiis,
515 3157 625 3214 nullum
649 3156 760 3231 turpius
788 3156 856 3225 vidi,
882 3155 992 3213 nullum
1022 3154 1127 3210 andivi.
1145 3162 1182 3216 35

137 3236 203 3297 Qui
231 3236 367 3311 magister
394 3236 522 3310 equiturn
550 3234 637 3292 suisse
663 3235 716 3291 tibi
743 3234 882 3303 viderere,
910 3233 940 3289 iu
968 3232 1129 3306 proximum

139 3333 248 3371 anuum
264 3314 445 3371 consulatum
459 3323 581 3388 peteres,
594 3313 638 3370 vel
652 3311 748 3388 potids
761 3330 878 3387 rogares
890 3330 897 3379 ;
919 3311 953 3379 is,
967 3328 1018 3384 per
1036 3308 1132 3364 muni-

139 3393 218 3468 cipia
237 3392 421 3468 coloniasque
441 3391 553 3461 Galliae,
576 3410 592 3448 a
612 3391 669 3465 quai
696 3409 749 3446 nos
775 3400 846 3458 tum,
868 3386 936 3445 crim
963 3385 1131 3443 consulatus

139 3472 299 3547 petebatur,
314 3490 371 3527 non
385 3471 549 3547 rogabatur,
562 3478 659 3543 petere
673 3467 855 3525 consulatum
875 3466 1047 3534 solebamus,
1062 3481 1131 3520 cum

138 3549 260 3607 Gallicis
274 3560 303 3606 et
316 3549 434 3606 lacerna
448 3547 609 3606 cucurristi.
1147 3550 1185 3604 40

180 3626 298 3684 XXXI.
341 3628 382 3684 At
406 3627 500 3684 videte
522 3625 667 3683 levitatem
688 3622 821 3680 hominis.
871 3620 948 3679 Ciam
977 3620 1048 3678 horai
1072 3620 1131 3677 diei

139 3705 255 3763 decimis
277 3704 336 3763 ferd
359 3707 395 3762 ad
423 3706 500 3761 Saxa
526 3703 630 3760 Rubra
656 3702 790 3772 venisset,
813 3701 925 3758 delituit
949 3700 979 3756 in
1006 3699 1132 3774 quadam

139 3784 314 3860 cauponula,
329 3796 414 3859 atque
435 3783 475 3839 ibi
495 3801 526 3839 se
546 3781 707 3850 occultans,
726 3780 885 3856 perpotavit
906 3780 942 3836 ad
963 3796 1131 3853 vesperum:

138 3865 209 3922 iude
224 3863 296 3921 cisio
310 3862 442 3920 celeriter
456 3861 492 3919 ad
508 3860 614 3919 Urbem
637 3860 784 3931 advectus,
799 3858 917 3917 domurn
937 3857 1017 3915 venit
1037 3855 1135 3932 capite

382 3939 449 3997 la*
