2658 4468
161 382 223 442 18⁰
464 379 601 432 ORATIO
622 378 662 431 nt
683 377 721 429 Μ.
745 376 949 429 ANTONIUM.

254 524 296 584 At
308 522 387 583 enim
400 534 430 584 ta
444 523 475 583 in
488 522 672 600 disciplinam
685 542 781 582 meam
793 522 955 581 tradideras
980 520 1062 599 (nam
1083 522 1124 578 ita
1144 518 1206 577 dix·

215 604 276 682 isti)
290 623 297 661 τ
318 605 435 662 domum
448 622 543 660 meam
556 603 721 661 rentitiraa.
761 601 817 659 Nar
831 611 873 673 tu,
882 600 908 658 si
918 601 948 658 id
963 600 1090 671 fecisses,
1099 598 1208 658 moliris

215 684 310 752 farne,
323 680 428 740 melius
439 680 587 758 pudicitia
607 690 676 751 tua,
699 679 900 739 consuluisses.
942 680 1001 737 Sed
1021 699 1077 737 neo
1097 678 1206 750 fecisti,

214 781 280 832 nec,
295 760 320 819 si
333 779 465 836 cuperes,
479 759 532 817 tibi
546 759 576 816 id
588 779 640 835 per
654 760 689 817 C.
704 758 861 816 Curionem
875 758 972 816 lacere
985 757 1122 815 libuisset

179 847 199 900 ⁵
255 838 425 916 Auguratris
446 837 614 914 petitionem
633 837 705 896 mihi
724 847 754 895 te
774 837 952 895 concessisse
971 836 1076 894 dixisti.
1117 835 1146 894 Ο
1161 836 1206 894 in·

216 917 385 976 credibilem
407 917 575 975 audaciam!
597 936 616 975 o
635 915 843 994 impudentiam
861 915 1092 991 predicandam!
1133 915 1209 977 Quo

216 996 294 1054 enim
320 1005 448 1071 ternpore
474 1013 522 1052 me
548 1013 688 1072 augurem
709 1015 727 1052 a
746 1004 805 1052 toto
829 993 951 1071 collegio
970 993 1126 1070 expetitum
1147 994 1206 1051 Cn.

217 1074 369 1152 Pompeius
382 1085 411 1132 et
423 1073 464 1136 Q.
480 1073 652 1131 Hortensius
672 1073 892 1132 nominaverunt
916 1070 1024 1149 (nequa
1043 1070 1122 1130 enim
1135 1072 1208 1131 lice·

217 1155 266 1211 bat
287 1172 305 1211 a
325 1153 455 1231 pluribus
474 1151 643 1242 nominari),
656 1162 688 1209 tu
708 1171 765 1210 neo
784 1151 920 1210 solvendo
932 1170 1007 1222 eras,
1020 1169 1077 1209 nec
1095 1160 1126 1208 te
1147 1151 1209 1208 ullo

164 1237 199 1291 10
217 1232 310 1303 modo,
325 1230 382 1289 nisi
395 1231 495 1288 eversi
518 1231 676 1307 tepebunt,
691 1230 865 1288 incolumem
879 1229 939 1288 fore
952 1230 1081 1306 putabas.
1122 1229 1209 1288 Pote-

216 1328 264 1369 ras
277 1321 374 1367 autem
386 1329 422 1367 eo
435 1318 561 1387 tempore
576 1319 746 1386 auguratum
759 1317 867 1385 petere,
879 1305 951 1366 'ciam
965 1307 995 1365 in
1015 1307 1101 1365 Italia
1115 1307 1207 1367 Curio

216 1407 274 1446 uon
288 1389 383 1446 assetl
404 1397 455 1445 aut
462 1397 533 1459 tum,
543 1384 612 1445 cium
620 1407 652 1445 es
666 1387 769 1457 sactus,
780 1405 868 1444 unam
877 1387 985 1444 tribum
999 1386 1061 1444 sine
1075 1386 1207 1444 Curione

217 1466 292 1525 serre
320 1465 482 1543 potuissesl
513 1466 596 1542 cujus
625 1465 713 1523 etiam
734 1464 890 1523 familiares
916 1466 953 1522 de
973 1464 1002 1522 vi
1021 1464 1210 1523 condemnati

217 1554 294 1615 sunt,
308 1543 385 1620 qudd
399 1545 442 1602 tui
455 1544 542 1602 nimis
555 1543 674 1602 studiosi
689 1544 817 1601 luissent.

165 1625 200 1681 15
257 1622 315 1681 111.
350 1622 546 1681 Atbeneficio
566 1640 630 1679 sum
651 1640 720 1679 usus
740 1632 798 1680 tuo.
838 1620 931 1683 Quot
951 1639 1113 1697 quanquam
1135 1621 1210 1679 illud

217 1701 321 1779 ipsum,
335 1702 412 1776 quod
430 1719 646 1772 commemoras,
661 1720 772 1777 semper
791 1719 851 1776 prae
875 1719 922 1758 me
941 1700 1003 1758 tuli.
1045 1698 1139 1758 Malui
1159 1719 1210 1758 me

216 1781 271 1838 tibi
284 1781 390 1838 debere
405 1779 544 1851 confiteri,
558 1777 645 1854 qudm
659 1778 796 1853 cuiquam
809 1776 905 1837 mimis
918 1779 1052 1856 prudenti
1065 1799 1123 1837 non
1137 1779 1211 1836 satis

217 1869 316 1936 gratus
329 1858 428 1915 videri.
470 1858 529 1916 Sed
553 1877 609 1933 quo
631 1857 792 1915 beueficiol
813 1856 891 1932 qudd
914 1876 961 1915 me
982 1857 1128 1915 Brundisii
1148 1878 1210 1915 non

217 1937 379 1995 occiderisl
418 1935 519 1998 Quem
533 1936 593 2012 ipse
606 1936 696 1994 victor
711 1935 775 2012 (qui
795 1936 858 2007 tibi,
872 1946 905 1993 ut
918 1945 980 1994 tute
1000 1937 1116 2013 gloriari
1136 1937 1212 1994 sole-

165 2018 201 2072 20
218 2016 280 2086 bas,
304 2014 446 2072 detulerat
468 2034 504 2072 ex
523 2014 682 2073 latronibus
706 2014 766 2072 suis
787 2015 994 2094 principatum)
1019 2015 1128 2073 salvum
1144 2035 1211 2073 esse

217 2091 362 2164 voluisset,
387 2092 418 2151 in
441 2093 557 2151 ltaliam
581 2092 623 2150 ire
643 2092 783 2168 jussisset,
807 2112 875 2151 eum
888 2103 920 2150 tu
933 2093 1103 2151 occideres?
1144 2093 1209 2152 Fac

217 2171 360 2249 potuisse:
381 2172 457 2247 quod
470 2182 514 2230 est
528 2171 616 2243 aliud,
631 2171 731 2230 Patres
749 2172 922 2249 conscripti,
936 2171 1109 2229 beneficium
1123 2171 1212 2231 latro·

218 2269 298 2322 num,
312 2249 369 2308 nisi
382 2259 415 2308 ut
428 2269 652 2309 commemorare
674 2250 792 2326 possint,
807 2250 887 2308 iisse
906 2250 1020 2308 dedisse
1033 2251 1131 2323 vitam,
1145 2251 1212 2326 qui-

218 2330 273 2387 bus
292 2349 350 2387 non
374 2329 553 2387 ademerintl
593 2328 683 2390 Quod
707 2327 731 2385 si
754 2339 830 2387 esset
852 2328 1035 2401 beneficium,
1058 2348 1211 2404 nunquam

164 2412 202 2467 Ἃ
219 2407 250 2479 ὶὶ,
264 2407 314 2482 qui
328 2408 409 2465 illum
422 2407 640 2479 interfecerunt,
656 2425 742 2482 aquo
755 2417 838 2466 erant
857 2408 973 2479 servati,
990 2408 1074 2484 (quos
1093 2418 1125 2466 tu
1146 2408 1211 2485 ipse

218 2485 294 2543 viros
307 2486 481 2545 clarissimos
495 2486 636 2562 appellare
650 2485 737 2565 soles)
749 2496 859 2544 tantam
873 2498 969 2545 essent
979 2486 1100 2564 gloriam
1109 2507 1212 2546 conse-

219 2565 288 2622 cuti
328 2565 428 2627 Quale
442 2575 538 2622 autem
560 2563 733 2622 beneficium
757 2575 810 2636 est,
825 2566 901 2640 quod
921 2575 951 2624 te
966 2565 1139 2623 abstinueris
1158 2585 1211 2624 ne-

219 2641 291 2700 lario
304 2643 436 2701 scelerel
475 2642 547 2704 Qut
568 2642 597 2700 in
621 2662 663 2713 re,
687 2663 744 2701 uon
767 2654 827 2700 tam
844 2644 1006 2719 jucundum
1025 2644 1117 2702 rideri
1136 2644 1211 2701 mihi

217 2720 326 2791 debuit,
347 2741 404 2778 non
419 2721 601 2778 interfectum
618 2731 687 2793 ate,
702 2720 790 2796 quim
812 2722 959 2796 miserum,
984 2723 1014 2781 id
1035 2733 1064 2781 te
1087 2720 1209 2799 impune

165 2800 201 2855 30
218 2799 314 2855 lacere
326 2799 461 2874 potuisse.

257 2877 316 2933 Sed
330 2876 366 2932 sit
380 2876 564 2946 beneficium,
588 2879 820 2954 quandoquidem
841 2879 934 2956 majus
955 2879 1079 2957 accipia
1098 2880 1211 2938 latrone

216 2953 327 3012 nullum
341 2955 450 3031 potuit;
472 2954 503 3012 in
523 2975 579 3029 quo
599 2967 680 3033 potes
703 2977 750 3015 me
773 2957 871 3016 dicere
893 2959 1060 3036 ingratum?
1102 2960 1151 3016 An
1172 2959 1211 3016 de

217 3033 335 3090 interitu
349 3033 515 3108 reipublicae
529 3035 611 3108 queri
625 3055 683 3093 non
694 3037 791 3108 debui,
801 3056 838 3094 ne
849 3037 879 3094 in
893 3046 922 3095 tc
936 3038 1066 3114 ingratus
1076 3037 1210 3096 viderer'l

217 3111 306 3183 Nam,
321 3111 351 3168 in
366 3111 415 3169 illa
429 3113 556 3187 quereli,
573 3112 693 3189 (miseri
707 3115 824 3189 quidem
846 3124 875 3173 et
897 3116 1039 3187 luctuosa,
1053 3116 1105 3174 sed
1126 3117 1210 3188 mihi,

165 3194 202 3250 3⁵
217 3210 268 3267 pro
281 3190 336 3247 hoo
350 3192 441 3267 gradu
456 3191 485 3248 in
500 3211 616 3265 quomo
630 3203 747 3250 senatus
768 3195 945 3270 populusque
959 3196 1111 3254 Romanus
1125 3195 1211 3254 collo-

218 3270 305 3340 cavit,
319 3270 498 3348 necessarii)
523 3271 592 3345 quid
616 3280 660 3327 est
683 3271 794 3330 dictum
818 3291 895 3331 ame
920 3293 987 3331 cum
1012 3273 1210 3332 contumelia?

218 3349 287 3425 quid
310 3369 367 3407 non
391 3347 560 3407 moderatel
588 3350 658 3424 quid
679 3369 738 3407 non
765 3349 882 3409 amicdl
924 3352 963 3409 Et
986 3353 1103 3427 quidem
1127 3353 1211 3429 cujus

218 3428 414 3504 temperantia
428 3427 491 3498 luit,
506 3429 542 3485 de
566 3427 608 3485 M.
623 3428 752 3486 Antonio
772 3436 949 3505 querentem,
965 3432 1109 3489 abstinere
1123 3432 1211 3489 male-

219 3506 320 3564 dictol
340 3506 500 3582 praesertim
523 3505 591 3564 crim
613 3516 644 3563 tu
665 3507 801 3583 reliquias
814 3508 980 3585 reipublicae
994 3510 1210 3586 dissipavisses3

166 3582 203 3638 40
219 3583 287 3642 crim
301 3585 378 3643 domi
392 3594 448 3642 tua
463 3585 626 3661 turpissimo
635 3596 765 3644 mercatu
775 3587 872 3645 omnia
885 3598 982 3647 essent
995 3589 1126 3659 venalia3
1141 3587 1211 3646 orlrn

218 3663 298 3738 leges
318 3682 378 3733 eas,
392 3682 456 3738 quae
469 3682 618 3739 nunquam
630 3665 817 3741 promulgatas
839 3675 946 3738 essent,
961 3678 991 3725 et
1013 3668 1050 3725 de
1063 3677 1092 3726 te
1106 3678 1136 3726 et
1150 3687 1168 3725 a
1180 3678 1211 3726 te

218 3741 292 3798 latas
302 3741 471 3798 confiterere
482 3762 489 3811 3
511 3740 579 3799 cdm
591 3742 721 3818 auspicia
735 3763 837 3821 augur,
849 3743 1084 3804 intercessionem
1098 3747 1210 3819 consul,

218 3818 397 3889 sustulisses;
419 3817 579 3877 cumesses
594 3820 750 3879 foedissimd
771 3823 891 3900 stipatus
906 3825 1041 3895 armatis;
1062 3823 1131 3883 crim
1151 3844 1212 3884 om-

218 3917 272 3958 nes
292 3896 471 3974 impuritates
489 3898 597 3974 pudici
621 3899 653 3957 in
680 3901 765 3960 domo
790 3901 918 3977 quotidie
945 3903 1117 3982 susciperes,
1144 3904 1212 3963 vino
