2702 4464
399 351 535 401 ORATIO
558 352 628 401 PRO
649 353 687 403 M.
709 353 919 405 MARCELLO.
1163 356 1204 414 63

207 497 262 556 Ille
285 495 401 571 quidem
428 495 553 555 fructum
573 485 666 555 oninis
686 497 751 556 vitae
775 508 915 557 anteacta
942 497 1080 557 hodierno
1107 495 1155 554 die

167 577 326 635 maximum
339 574 425 650 cepit,
440 573 508 632 edm
522 593 634 633 summo
647 595 789 634 consensu
803 578 931 650 senatds,
945 588 1006 635 tum
1016 587 1156 671 preterea

164 655 276 733 judicio
295 665 345 711 tuo
366 653 533 730 gravissimo
546 663 575 711 et
587 654 720 713 maximo.
762 655 808 713 Ex
828 676 884 731 quo
905 657 1031 733 profecto
1053 654 1156 713 intelli·

167 736 221 812 gis,
237 743 344 809 quanta
357 732 387 790 in
401 734 469 790 dato
491 733 634 791 beneficio
655 733 692 790 sit
712 733 786 805 laus,
800 733 868 792 cum
884 735 915 792 in
936 744 1056 810 accepto
1075 744 1156 792 tanta

167 814 205 870 sit
217 812 317 890 gloria„
358 811 412 868 Est
424 807 492 869 verd
507 811 667 869 fortunatus
676 812 734 883 ille,
743 812 827 889 cujus
835 833 872 872 ex
885 814 977 889 salute
990 833 1048 871 non
1062 813 1155 870 minor
1187 816 1206 870 5

166 891 241 968 pene
263 891 300 948 ad
319 908 430 961 omnes,
451 888 538 964 quim
563 891 600 948 ad
621 890 714 966 ipsum
732 902 853 950 ventura
873 892 920 964 sit,
939 892 1040 950 laetitia
1058 911 1157 968 perve-

167 970 251 1028 nerit.
291 969 381 1031 Quod
390 968 423 1025 ei
437 968 554 1043 quidem
574 967 688 1041 meritd,
703 980 788 1044 atque
807 971 914 1047 optimo
931 971 1004 1048 jure,
1026 970 1154 1046 contigit

167 1049 246 1111 Quis
259 1047 337 1106 enim
351 1056 394 1104 est
407 1047 457 1104 illo
471 1057 520 1104 aut
533 1048 692 1120 nobilitate,
702 1057 751 1106 aut
760 1049 911 1124 probitate,
923 1060 972 1107 aut
985 1048 1157 1126 optimarum

169 1128 274 1186 artium
296 1126 400 1198 studio,
423 1135 472 1184 aut
493 1125 670 1198 innocentii,
693 1136 743 1185 aut
764 1127 823 1186 ullo
842 1148 950 1205 genere
962 1127 1067 1199 laudis,
1086 1146 1157 1204 prae·

168 1205 308 1264 stantiorl
1173 1216 1207 1270 10

207 1284 249 1342 ΙΙ.
290 1282 408 1341 Nullius
427 1292 540 1340 tantum
567 1293 610 1341 est
630 1282 738 1341 flumen
765 1284 886 1361 ingenii,
906 1285 1014 1343 nullius
1040 1283 1157 1342 dicendi

169 1374 218 1421 aut
231 1362 377 1420 scribendi
391 1371 471 1419 tanta
484 1362 536 1432 vis,
550 1371 631 1419 tanta
644 1362 737 1438 copia,
746 1382 820 1437 quae,
829 1383 887 1421 non
898 1364 995 1421 dicam
1008 1382 1156 1428 exornare.

167 1444 218 1500 sed
232 1460 377 1513 enarrare,
387 1441 422 1497 C.
433 1441 541 1512 Caesar,
550 1459 596 1497 res
604 1451 668 1498 tuas
682 1451 777 1517 gestas
790 1442 885 1518 possit.
920 1442 1035 1500 Tamen
1047 1442 1158 1500 affirmo

169 1520 212 1599 (et
226 1522 281 1578 hoc
293 1539 367 1595 pace
380 1519 477 1576 dicam
491 1520 567 1598 tud),
581 1519 691 1577 nullam
712 1519 742 1577 in
762 1521 808 1577 his
828 1541 891 1579 esse
904 1521 1021 1578 laudern
1042 1520 1158 1597 amplio-

67 1640 71 1645 -
128 1596 132 1599 Δ
167 1619 238 1670 rem,
259 1596 346 1674 quam
367 1617 442 1668 eam,
464 1616 550 1672 quam
571 1598 710 1656 hodierno
729 1598 777 1656 die
797 1610 970 1657 consecutus
990 1619 1030 1657 es.
1072 1599 1158 1658 Soleo
1172 1603 1207 1657 15

167 1697 242 1755 saepe
257 1686 323 1734 ante
337 1677 436 1734 oculos
449 1696 565 1752 ponere,
581 1676 667 1751 idque
681 1676 804 1735 libenter
819 1678 928 1735 crebris
949 1697 1086 1754 usurpare
1100 1697 1158 1735 ser·

168 1757 310 1827 monibus,
331 1775 432 1813 omnes
453 1765 614 1812 nostrorum
634 1754 846 1831 imperatorum,
866 1776 968 1814 omues
995 1767 1157 1814 exterarum

167 1836 307 1913 gentium,
330 1833 649 1911 potentissimorumque
671 1835 848 1909 populorum,
866 1854 967 1894 omnes
987 1834 1159 1893 clarissimo·

168 1933 232 1971 rum
246 1932 356 1991 regum,
370 1932 417 1970 res
430 1922 536 1989 gestas,
551 1931 619 1969 curn
632 1912 690 1969 tuis
703 1931 759 1970 nec
779 1914 995 1972 contentionum
1015 1913 1158 1990 magnitu-

169 1992 247 2063 dino,
270 2010 326 2049 nec
345 2009 465 2048 numero
485 1990 660 2066 proeliorum,
681 2011 739 2048 nec
761 1992 899 2050 varietate
920 1993 1080 2069 regionum,
1101 2011 1158 2050 nec
1170 1992 1207 2046 20

169 2071 317 2131 celeritate
344 2069 527 2140 conficiendi,
555 2089 611 2127 nec
638 2069 871 2128 dissimilitudine
898 2070 1048 2143 bellorum,
1074 2090 1157 2147 posse

169 2149 310 2208 conferri:
330 2168 386 2206 nec
412 2146 479 2205 verd
501 2147 740 2224 disjunctissimas
763 2159 854 2207 terras
877 2148 965 2207 citiris
985 2150 1157 2226 cujusquam

168 2229 299 2304 passibus
311 2227 436 2305 potuisse
457 2226 613 2303 peragrari,
628 2225 715 2302 quam
737 2228 804 2301 tuis,
819 2248 877 2287 non
898 2229 995 2286 dicam
1015 2229 1157 2300 cursibus,

169 2308 221 2365 sed
236 2306 372 2376 victoriis,
386 2306 511 2362 lustratae
525 2306 590 2363 sint.

208 2385 286 2447 Quae
314 2384 430 2459 quidem
457 2403 511 2460 ego
531 2383 586 2441 nisi
606 2383 646 2441 ita
666 2403 773 2462 magna
799 2404 862 2443 esse
883 2385 983 2455 fatear,
1004 2394 1036 2442 ut
1056 2403 1092 2442 ea
1111 2380 1206 2442 vix25

171 2463 343 2540 cujusquam
357 2481 438 2518 mens
453 2471 502 2519 aut
515 2462 651 2539 cogitatio
670 2482 774 2539 capere
787 2466 886 2539 possit,
902 2482 1001 2520 amens
1014 2463 1084 2520 sim:
1106 2463 1157 2520 sed

169 2553 267 2601 tamen
282 2551 349 2598 sunt
363 2540 420 2597 alia
434 2540 548 2617 majora.
589 2541 668 2597 Nam
683 2542 803 2599 bellicas
815 2543 917 2599 laudes
935 2542 1027 2599 solent
1040 2541 1158 2617 quidam

169 2632 326 2679 extenuare
353 2619 455 2690 verbis,
483 2638 588 2695 easque
610 2621 761 2678 detrahere
781 2621 915 2691 ducibus,
942 2619 1157 2678 communicare

169 2719 236 2757 cum
250 2699 357 2770 multis,
369 2718 406 2755 ne
419 2697 537 2774 propriae
549 2698 606 2756 sint
615 2698 825 2775 imperatorum.
867 2699 906 2756 Et
919 2698 1156 2771 certamimis,

168 2779 291 2836 militum
312 2778 410 2847 virtus,
424 2777 552 2835 locorum
572 2778 776 2853 opportunitas,
792 2778 899 2835 auxilia
918 2777 1070 2848 sociorum,
1086 2779 1158 2836 clas·
1170 2783 1206 2837 30

168 2877 223 2927 seS,
233 2866 419 2926 commeatus,
431 2855 554 2913 multum
560 2855 677 2932 juvant:
698 2857 853 2913 maximam
867 2855 934 2914 verd
943 2867 1063 2932 partem,
1075 2857 1157 2932 quasi

167 2956 220 2993 suo
244 2935 318 3011 jure,
341 2934 470 2992 Fortuna
496 2934 551 2991 sibi
573 2934 717 3005 vindicat3
738 2944 777 3007 et,
797 2935 935 3011 quidquid
955 2945 999 2993 est
1023 2932 1156 3013 prosperd

167 3025 291 3093 gestum,
307 3015 337 3071 id
350 3011 426 3090 penti
440 3032 526 3070 omne
540 3013 622 3069 ducit
635 3031 728 3075 suum.

207 3095 249 3151 At
261 3091 329 3150 verd
344 3092 429 3166 hujus
442 3091 550 3168 gloriar,
564 3091 599 3148 O.
615 3091 724 3162 Caesar,
738 3110 824 3167 quam
844 3111 876 3150 es
888 3090 975 3168 pauld
991 3090 1058 3149 antd
1074 3091 1158 3166 adep

167 3182 224 3243 tus,
239 3173 350 3229 socium
372 3171 463 3228 habes
484 3170 638 3227 neminem.
687 3169 797 3228 Totum
821 3172 886 3242 hoc,
901 3180 1157 3245 quantumcunque
1170 3172 1206 3226 35

167 3262 220 3321 est,
243 3250 333 3324 (quod
354 3246 432 3306 certe
454 3248 611 3305 maximum
631 3249 688 3327 est)
717 3258 808 3305 totum
835 3259 888 3319 est,
916 3248 1043 3323 inquam,
1064 3257 1155 3304 tuum.

167 3329 249 3386 Nihil
264 3328 319 3386 sibi
333 3347 369 3384 ex
383 3326 438 3385 ista
451 3326 538 3384 lande
552 3327 691 3397 centurio,
706 3327 778 3384 nihil
792 3327 954 3402 prefectus,
963 3326 1035 3382 nihil
1045 3326 1156 3394 cohors,

167 3408 237 3465 nihil
253 3417 357 3476 turma,
371 3405 508 3481 decerpit.
548 3404 633 3466 Quin
647 3406 737 3464 etiam
751 3405 801 3462 illa
822 3404 883 3479 ipsa
902 3422 999 3462 rerum
1019 3404 1158 3459 humana·

167 3505 231 3542 rum
245 3485 370 3554 domina,
385 3483 523 3554 Fortuna,
533 3482 563 3540 in
573 3483 655 3542 istius
665 3503 696 3541 se
705 3483 873 3541 societatem
881 3481 979 3557 gloriae
989 3501 1047 3538 non
1055 3481 1137 3537 offert
1149 3499 1156 3538 ε

167 3563 221 3622 tibi
235 3563 330 3621 cedit:
351 3573 431 3619 tuam
452 3581 515 3619 esse
535 3571 623 3620 totam
638 3574 668 3620 et
680 3562 823 3638 propriam
843 3560 957 3617 fatetur.
998 3558 1157 3633 Nunquam
1170 3560 1206 3615 40

167 3642 245 3700 enim
259 3636 406 3700 temeritas
419 3658 487 3698 cum
501 3640 642 3717 sapientia
655 3639 869 3710 commiscetur,
884 3658 940 3696 nec
955 3638 990 3695 ad
1005 3638 1157 3695 consilium

167 3741 253 3779 casus
267 3720 435 3778 admittitur.

206 3799 264 3857 ΙΙΙ.
299 3797 444 3857 Domuisti
465 3807 567 3874 gentes
595 3795 774 3853 immanitate
803 3788 949 3867 barbar'aS,
970 3795 1157 3853 multitudine

167 3877 401 3949 innumerabiles
421 3877 494 3936 locis
514 3876 651 3948 infinitas,
671 3874 751 3932 omni
771 3874 919 3951 copiarum
939 3895 1046 3954 genere
1067 3876 1157 3933 abun·
