2658 4468
359 412 371 433 ⁵
384 348 521 399 ORATIO
542 349 581 399 IN
602 350 640 399 Μ.
663 348 866 400 ANTONIUM.
1110 347 1168 411 159

165 491 279 550 XLIV.
301 491 391 550 Hunc
402 512 493 550 unum
504 491 592 563 diem,
604 493 683 550 hunc
694 512 796 563 unum,
808 492 935 569 inquam,
947 492 1118 551 hodiernum

123 572 217 641 diem,
232 572 288 628 hoc
307 581 448 645 punctum
469 571 615 646 temporis,
635 592 692 646 quo
712 572 820 646 loquor,
834 571 969 642 defende,
983 571 1007 627 si
1028 584 1117 647 potes.

125 651 190 708 Cur
205 651 507 719 armatorumcoronti
521 660 638 706 senatus
658 661 755 726 septus
768 652 832 707 estl
853 670 905 708 cur
919 669 965 707 me
979 650 1021 707 tui
1036 649 1120 707 satel-

124 728 193 786 lites
207 747 274 785 cum
289 728 393 803 gladiis
408 729 549 785 audiuntl
574 747 626 785 cur
640 729 728 785 valvae
742 728 914 787 Concordiae
929 748 986 786 non
1000 729 1118 804 patenti

126 826 181 864 cur
202 807 334 863 homines
353 808 481 863 omnium
503 805 633 883 gentium
655 806 780 864 maxime
804 808 949 878 barbaros,
970 806 1118 883 Ithyrteos,
1148 804 1168 858 5

127 904 197 943 cum
212 885 323 961 sagittis
337 885 458 942 deducis
472 886 501 943 in
516 886 608 943 lorum
620 886 632 941 l
673 885 803 943 Praesidii
816 887 861 943 sui
872 885 962 943 causi
976 905 1007 942 se
1022 887 1119 944 lacere

127 964 209 1020 dicit.
251 963 358 1039 Nonne
381 964 467 1039 igitur
489 964 592 1020 millies
612 964 706 1039 perire
728 974 772 1021 est
793 964 905 1035 melius,
919 961 1005 1039 quim
1021 965 1050 1021 in
1065 965 1119 1022 sud

128 1042 258 1113 civitate,
279 1042 342 1099 sine
364 1053 536 1100 armatorum
557 1042 699 1117 presidio,
721 1063 779 1100 nou
801 1062 884 1118 posse
904 1044 1018 1099 viveret
1059 1043 1118 1100 Sed

127 1121 242 1179 nullum
269 1131 313 1178 est
346 1122 451 1190 isthuc,
478 1120 549 1177 mihi
576 1121 672 1191 crede,
706 1122 879 1196 praesidium.
934 1120 1063 1178 Caritate
1090 1132 1120 1179 et

129 1198 331 1257 benevolentiit
345 1199 451 1257 civium
466 1210 578 1274 septum
592 1211 703 1274 oportet
716 1219 789 1270 esse,
804 1218 863 1257 non
878 1200 972 1257 armis.
1133 1190 1169 1245 1⁰

170 1278 291 1352 Eripiet,
313 1278 492 1352 extorquebit
514 1277 565 1334 tibi
588 1277 642 1335 ista
668 1279 791 1353 populus
816 1277 979 1349 Romanus,
1007 1278 1119 1335 utinam

128 1356 216 1413 salvis
230 1356 327 1413 nobis!
350 1357 411 1426 sed,
434 1375 547 1431 quoquo
569 1358 654 1413 modo
675 1357 826 1415 nobiscum
848 1358 952 1432 egeris,
974 1357 1043 1414 dum
1057 1357 1120 1414 istis

22 1455 28 1476 ··
129 1435 259 1491 consiliis
274 1435 371 1501 uteris,
387 1454 443 1492 non
457 1445 539 1511 potes
554 1434 640 1512 (mihi
656 1436 756 1513 crede)
771 1454 835 1492 esse
849 1435 1010 1493 diuturnus.
1052 1436 1120 1494 Ete-

128 1514 190 1570 nim
206 1513 260 1569 ista
274 1523 323 1570 tua
338 1512 456 1570 minime
470 1532 555 1570 avara
569 1514 675 1588 conjux
690 1512 788 1590 (quam
801 1533 856 1589 ego
866 1513 929 1571 sine
943 1514 1119 1571 contumelid

129 1591 278 1666 describo)
294 1589 414 1648 nimium
439 1592 527 1649 debet
546 1591 596 1648 diu
608 1592 714 1668 populo
735 1591 871 1650 Romano
884 1592 1050 1668 pensionem
1065 1589 1169 1650 ter-15

129 1668 210 1726 tianl.
253 1669 351 1726 Habet
361 1671 483 1746 populus
493 1670 656 1740 Romanus,
669 1671 704 1727 ad
716 1690 786 1745 quos
799 1671 997 1746 gubernacula
1007 1671 1121 1746 reipub·

128 1748 194 1805 licae
219 1748 345 1806 delerat:
376 1749 425 1823 qui
449 1749 614 1824 ubicunque
637 1759 777 1806 terrarum
801 1759 879 1819 sunt,
903 1749 943 1805 ibi
967 1759 1011 1806 est
1033 1768 1120 1807 omne

128 1827 298 1902 reipublicae
324 1827 499 1902 presidium,
524 1827 567 1884 vel
595 1825 690 1902 potius
717 1827 779 1903 ipsa
805 1828 977 1902 respublica,
1004 1848 1067 1903 quae
1088 1847 1120 1886 se

130 1906 228 1962 adhuc
252 1905 450 1963 tantummodo
470 1905 531 1962 ulta
550 1916 604 1971 est,
629 1906 758 1963 nondum
779 1906 967 1981 recuperavit.
1022 1907 1120 1965 Habet

129 1984 247 2060 quidem
269 1982 348 2041 certe
368 1985 532 2059 respublica
559 1983 757 2041 adolescentes
783 1985 985 2056 nobilissimos,
1005 1995 1120 2060 paratos
1133 1983 1170 2038 Μ

129 2063 305 2120 defensores.
358 2061 460 2124 Quem
488 2062 593 2133 volent,
621 2062 661 2119 illi
688 2064 805 2133 cedant,
829 2063 888 2122 otio
915 2064 1119 2134 consulentes3

129 2152 227 2199 tamen
253 2160 270 2198 a
294 2142 443 2217 republicd
466 2142 686 2199 revocabuntur.
732 2141 776 2201 Et
799 2160 904 2200 nomen
929 2141 1011 2217 pacis
1035 2142 1121 2200 dulce

128 2231 184 2290 est,
212 2230 242 2277 et
267 2220 330 2295 ipsa
353 2240 399 2277 res
422 2219 571 2278 salutaris:
602 2220 654 2277 sed
678 2219 752 2277 iuter
777 2238 880 2295 pacem
901 2230 931 2277 et
954 2219 1119 2277 servitutem

128 2298 285 2375 plurimum
313 2299 439 2356 interest.
493 2299 554 2356 Pax
581 2308 625 2355 est
652 2298 805 2373 tranquilla
831 2298 965 2367 libertas;
1000 2299 1121 2355 servitus

128 2378 271 2435 malorum
292 2377 420 2435 omniurn
442 2386 629 2453 postremum,
650 2395 710 2434 uon
734 2374 818 2433 modd
846 2376 930 2446 bello,
954 2376 1006 2432 sed
1030 2387 1121 2434 morte
1135 2371 1171 2425 25

129 2456 229 2526 etiam,
243 2456 447 2531 repellendum.

170 2531 260 2596 Qudd
276 2534 301 2590 si
321 2535 442 2611 seipsos
457 2534 497 2592 illi
519 2533 609 2593 nostri
631 2533 799 2590 liberatores
821 2551 838 2589 e
853 2542 1011 2608 conspectu
1025 2541 1122 2590 nostro

131 2613 326 2677 abstulerunt:
349 2624 377 2670 at
387 2614 550 2688 exemplum
562 2612 631 2670 sacti
646 2612 829 2686 reliquerunt.
872 2610 929 2681 Illi,
943 2611 1018 2686 quod
1034 2630 1121 2670 nemo

131 2693 251 2762 fecerat,
267 2692 405 2749 lecerunt,
456 2691 649 2767 Tarquinium
670 2690 777 2748 Brutus
791 2691 866 2749 bello
879 2703 923 2748 est
936 2700 1120 2766 persecutus;

130 2770 180 2846 qui
208 2781 268 2827 tum
290 2790 341 2827 rex
363 2767 508 2840 suit,ci1m
530 2789 594 2827 esse
616 2769 720 2826 Romae
742 2789 839 2845 regem
860 2770 975 2827 licebat.
1024 2770 1122 2845 Spurii
1136 2775 1172 2830 ³⁰

132 2849 253 2906 Cassius
274 2859 303 2906 et
324 2848 441 2919 Melius,
463 2848 505 2906 M.
529 2848 667 2917 Manlius,
688 2859 802 2926 propter
824 2849 1018 2925 suspicionem
1040 2849 1122 2925 regni

132 2927 297 3004 appetendi,
309 2939 375 2984 sunt
387 2928 493 2985 necati.
535 2927 576 2984 Hi
587 2926 672 3003 primi
683 2946 750 2985 cum
762 2928 875 3004 gladiis,
888 2948 946 2986 non
958 2927 987 2984 in
999 2946 1121 3003 reguum

132 3016 325 3083 appetentem,
335 3007 385 3063 sed
397 3007 426 3063 in
440 3016 619 3082 regnantem,
631 3006 769 3082 impetum
781 3008 921 3064 lecerunt.
954 3006 1043 3068 Quod
1054 3005 1122 3064 cum

125 3085 225 3161 ipsum
242 3085 349 3142 sactum
372 3105 422 3160 per
443 3104 474 3141 se
497 3085 667 3161 praeclarum
691 3096 774 3161 atque
789 3086 918 3142 divinum
933 3095 986 3154 est,
1000 3095 1061 3141 tum
1075 3103 1124 3141 ex·

131 3164 256 3240 positum
266 3166 301 3220 ad
314 3164 483 3220 imitandum
494 3184 501 3233 ;
522 3164 679 3239 praesertim
691 3161 758 3221 clim
771 3164 811 3221 illi
822 3183 885 3221 eum
895 3163 1015 3238 gloriam
1024 3181 1123 3220 conse·
1138 3166 1174 3220 35

132 3242 193 3300 cuti
208 3243 275 3312 sint,
286 3262 349 3317 quae
361 3243 408 3300 vix
419 3243 493 3300 coelo
504 3242 569 3318 capi
580 3262 663 3318 posse
675 3243 814 3300 videatur.
849 3241 912 3298 Etsi
924 3240 1001 3296 enim
1013 3240 1082 3296 satis
1093 3239 1123 3296 in

133 3321 196 3397 ipsit
209 3322 389 3378 conscientie
402 3320 588 3397 pulcherrimi
606 3321 675 3378 lacti
689 3320 801 3378 fructris
814 3329 886 3389 erat,
900 3329 997 3375 tamen
1012 3317 1125 3376 mortali

132 3400 374 3458 immortalitatem
389 3420 447 3458 uon
462 3401 582 3457 arbitror
596 3399 846 3463 contemnendam.

172 3478 265 3536 XLV.
288 3478 457 3536 Recordare
466 3479 553 3555 igitur
562 3478 653 3547 illum,
663 3477 704 3535 M.
712 3477 833 3547 Antoni,
843 3474 1124 3549 diem,quodictatu·

131 3575 194 3613 ram
210 3557 358 3614 sustulisti.
402 3557 482 3615 Pone
497 3568 563 3614 ante
577 3557 677 3614 oculos
697 3555 826 3613 laetitiam
840 3554 958 3612 senatuis
970 3553 1124 3629 populique
1139 3555 1176 3610 40

132 3635 279 3693 Romani:
310 3636 410 3692 confer
433 3655 500 3694 curn
527 3635 739 3693 nundinatione
766 3633 816 3692 turi
842 3644 1029 3708 tuorumque:
1063 3643 1124 3690 tum

133 3714 287 3789 intelliges,
309 3726 449 3790 quantum
471 3715 545 3773 inter
569 3715 685 3772 laudem
708 3722 738 3771 et
758 3713 870 3772 lucrum
892 3712 1012 3770 intersit.
1055 3712 1124 3784 Sed,

132 3793 280 3862 nimirum,
296 3809 327 3850 ut
340 3794 457 3868 quidam
473 3792 587 3869 (morbo
602 3793 706 3869 aliquo,
721 3802 750 3851 et
775 3792 878 3851 sensirs
892 3791 1020 3871 stupore)
1033 3791 1126 3849 suavi·

132 3881 221 3927 tatem
237 3872 294 3928 cibi
309 3891 367 3929 non
382 3873 527 3942 sentiuut3
550 3873 593 3943 sic
606 3872 762 3944 libidinosi,
776 3872 863 3943 avari,
875 3871 1039 3941 facinorosi,
1052 3890 1126 3928 verae

133 3950 228 4007 laudis
242 3964 388 4026 gustatum
404 3971 460 4008 non
475 3952 592 4008 habent.
622 3950 691 4023 Sed,
707 3952 731 4009 si
743 3963 771 4009 te
785 3953 847 4009 laus
863 3950 979 4009 allicere
994 3950 1030 4006 ad
1045 3946 1125 4006 recte
1140 3938 1176 3992 ⁴5
