2702 4464
394 343 531 395 ORATIO
553 344 622 394 PRO
644 345 742 395 LEGE
765 343 931 395 MANILIA.
1170 345 1226 426 5¹,

173 487 273 547 Testis
286 496 330 545 est
343 484 448 559 Gallia,
462 506 512 564 per
526 507 612 562 quam
625 488 787 565 legionibus
808 487 912 545 nostris
934 487 964 544 in
986 486 1159 563 Hispaniam

175 568 238 638 iter,
252 567 399 624 Gallorum
413 567 620 638 internecione,
629 567 805 643 patefactum
828 576 879 623 est.
922 566 1022 623 Testis
1035 577 1079 622 est
1092 565 1160 623 His·

173 646 269 722 pania,
280 665 343 720 quae
353 645 509 721 saepissime
518 645 655 721 plurimos
666 647 761 703 hostes
772 645 873 702 abhoc
883 653 1030 720 superatos
1039 654 1160 719 prostra-

174 734 273 799 tosque
295 724 449 799 conspexit.
490 724 590 780 Testis
610 733 654 781 est
675 724 779 782 iterum
800 732 829 780 et
851 723 954 798 saepius
975 722 1070 793 Italia,
1085 742 1158 798 quae,

173 821 241 859 cum
255 801 350 858 servili
365 802 439 858 bello
452 810 525 867 tetro
537 801 752 878 periculosoque
766 811 952 877 premeretur,
962 802 998 858 ab
1013 802 1067 858 hoc
1082 802 1191 858 auxi-5

172 881 244 937 lium
263 881 381 936 absente
402 880 553 955 expetivit3
573 881 649 955 quod
670 881 778 937 bellum
799 880 1010 955 exspectatione
1031 879 1159 954 Pompeii

174 968 354 1015 attenuatum
368 968 452 1032 atque
467 958 650 1015 imminutum
664 966 717 1029 est,
733 959 856 1015 adventu
870 957 1014 1015 sublatum
1022 976 1058 1015 ac
1068 957 1161 1032 sepul·

173 1047 244 1094 tum.
286 1036 391 1093 Testes
404 1034 471 1093 verb
483 1037 544 1111 jam
557 1054 656 1093 omnes
669 1056 736 1106 orae,
752 1044 836 1110 atque
850 1054 949 1094 omnes
969 1044 1072 1093 exterae
1092 1054 1161 1111 gen·

174 1124 217 1171 tes
233 1133 267 1171 ac
281 1115 421 1184 nationes,
436 1114 559 1189 denique
582 1114 673 1172 maria
692 1115 800 1185 omnia,
814 1124 876 1171 turn
898 1114 1040 1184 universa,
1054 1123 1115 1172 tum
1129 1113 1159 1170 in

175 1192 295 1268 singulis
311 1191 394 1271 [oris]
405 1211 504 1250 omnes
515 1193 594 1249 sinus
605 1202 689 1267 atque
696 1203 802 1268 portus.
842 1192 920 1252 Quis
934 1191 1011 1249 enirn
1022 1201 1080 1249 toto
1087 1192 1160 1249 mari
1175 1192 1209 1246 10

174 1271 254 1328 locus
267 1291 317 1346 per
331 1272 382 1328 hos
392 1290 480 1327 annos
489 1283 538 1328 aut
548 1280 607 1327 tarn
616 1271 730 1328 firmum
743 1270 844 1328 habuit
857 1270 1030 1346 praesidium‚
1042 1281 1074 1326 ut
1081 1280 1160 1327 tutus

174 1358 259 1420 esset,
275 1359 324 1405 aut
332 1358 391 1406 tam
401 1349 454 1406 fuit
465 1350 588 1419 abditus,
603 1359 635 1405 ut
648 1350 770 1407 lateretl
789 1349 867 1410 (tuis
880 1349 1034 1425 navigavit,
1044 1348 1092 1423 qui
1102 1368 1159 1406 non

174 1448 205 1485 se
223 1437 273 1485 aut
292 1427 392 1485 mortis
414 1437 463 1484 aut
485 1428 629 1485 servitutis
649 1428 777 1504 periculo
798 1427 998 1496 committeret,
1021 1445 1087 1484 cunr
1111 1436 1160 1483 aut

175 1507 280 1576 hieme,
295 1515 344 1562 aut
358 1506 462 1564 referto
474 1507 641 1582 praedonum
655 1507 737 1576 rnari,
751 1506 920 1581 navigaretl
961 1504 1027 1562 Hoc
1047 1514 1160 1562 tantum

175 1585 292 1654 bellum,
306 1595 365 1640 tam
379 1593 471 1660 turpe,
485 1595 544 1641 tam
558 1595 649 1656 vetus,
663 1594 723 1642 tarn
736 1584 794 1641 late
809 1584 931 1641 divisum
954 1592 1038 1657 atque
1055 1583 1210 1659 disper-15

109 1674 113 1679 '
175 1682 248 1733 sum,
262 1662 326 1737 quis
340 1681 466 1738 unquam
481 1663 666 1721 arbitraretur
681 1673 730 1720 aut
745 1664 781 1719 ab
794 1663 927 1720 omnibus
943 1662 1161 1738 imperatoribus

176 1760 232 1798 uno
246 1760 330 1811 anno,
346 1751 394 1798 aut
407 1742 540 1798 omnibus
555 1743 638 1799 annis
660 1743 696 1798 ab
710 1761 768 1800 uno
789 1736 968 1816 imperatore,
983 1740 1087 1798 confici
1100 1760 1162 1816 pos-

174 1820 225 1875 sel
265 1819 366 1880 Quam
381 1821 557 1895 provinciam
579 1821 711 1877 tenuistis
733 1840 750 1877 a
770 1820 950 1896 praedonibus
971 1818 1091 1876 liberam
1110 1838 1161 1894 per

175 1898 261 1958 hosce
276 1899 386 1955 annosl
406 1899 482 1973 quod
497 1899 621 1974 vectigal
635 1900 715 1957 vobis
735 1908 829 1957 tutum
850 1898 923 1956 firitt
944 1915 1029 1973 quem
1051 1897 1160 1954 socium

176 1975 359 2032 defendistis?
381 1977 430 2032 cui
445 1977 578 2052 praesidio
588 1978 728 2035 classibus
740 1977 841 2035 vestris
852 1977 965 2035 fuistisl
987 1974 1073 2052 qudm
1090 1975 1161 2032 mul-
1174 1986 1210 2041 20

176 2062 220 2108 tas
234 2053 400 2111 existimatis
414 2055 522 2112 insulas
535 2075 598 2114 esse
613 2057 756 2114 desertasl
777 2053 864 2131 qudm
885 2055 990 2112 multas
1012 2064 1061 2111 aut
1081 2065 1161 2111 metu

176 2131 300 2202 relictas,
316 2143 365 2188 aut
378 2152 395 2189 a
407 2135 589 2208 pradonibus
603 2145 710 2210 captas,
725 2135 811 2192 urbes
825 2153 887 2192 esse
901 2134 1060 2191 sociorum!

216 2210 288 2266 XII.
323 2210 382 2267 Sed
403 2212 472 2286 quid
493 2232 548 2288 ego
570 2213 726 2290 longinqua
749 2213 960 2270 commemorol
1009 2211 1078 2268 Fuit
1105 2212 1161 2268 hoc

176 2289 330 2362 quondam,
344 2289 398 2345 fuit
410 2291 552 2367 proprium
565 2293 661 2368 populi
675 2291 802 2350 Romani
815 2288 900 2367 long&
916 2309 933 2347 a
947 2290 1030 2347 domo
1043 2289 1160 2360 bellare,

177 2377 216 2434 et,
230 2367 451 2442 propugnaculis
465 2369 585 2444 imperii,
607 2370 748 2429 sociorum
771 2370 907 2438 fortunas,
922 2388 979 2425 non
1001 2386 1053 2424 sua
1073 2378 1159 2437 tecta,
1174 2377 1210 2431 25

177 2444 341 2500 defendere.
383 2445 477 2502 Sociis
490 2466 544 2522 ego
557 2449 656 2506 restris
671 2468 749 2506 mare
764 2448 894 2505 clausum
907 2466 957 2522 per
972 2446 1058 2502 hosce
1073 2464 1161 2502 annos

177 2523 273 2578 dicam
288 2521 385 2592 fuisse,
400 2520 467 2580 crim
481 2527 623 2583 exercitus
635 2527 724 2586 nostri
739 2546 756 2584 a
770 2525 924 2583 Brundisio
937 2542 1093 2598 nunquam,
1105 2523 1160 2581 nisi

177 2601 289 2656 summai
303 2600 407 2671 hieme,
419 2604 645 2663 transmiserintl
686 2605 749 2666 Qui
763 2607 799 2662 ad
813 2624 862 2662 vos
876 2604 913 2660 ab
923 2603 1027 2660 exteris
1041 2602 1162 2659 nationi-

177 2678 230 2734 bus
251 2678 390 2749 venirent,
405 2692 501 2755 captos
522 2702 635 2758 querar,
658 2682 726 2742 cum
746 2683 834 2760 legati
854 2682 950 2758 populi
972 2681 1098 2738 Romani
1119 2700 1161 2737 re·

176 2757 283 2831 dempti
306 2757 383 2814 sint?
423 2757 636 2819 Mercatoribus
656 2772 750 2823 tutum
771 2781 850 2819 mare
872 2781 929 2818 non
946 2760 1033 2817 fuisse
1053 2760 1159 2829 dicam,
1173 2768 1210 2822 30

167 2833 243 2910 ⁸crim
257 2836 409 2892 duodecim
423 2856 539 2895 secures
553 2840 583 2897 in
600 2842 765 2916 praedonum
778 2849 946 2917 potestatem
959 2839 1159 2914 pervenerintl

175 2913 313 2984 Cnidum,
336 2925 385 2971 aut
407 2915 612 2992 Colophonem,
635 2930 685 2976 aut
706 2921 835 2988 Samum,
857 2917 1048 2975 nobilissimas
1064 2918 1159 2986 urbes,

175 2991 454 3068 innumerabilesque
469 2994 550 3066 aliua,
565 3006 664 3072 captas
681 3017 744 3056 esse
765 3015 995 3065 commemorem,
1011 2993 1078 3051 cirm
1100 3013 1161 3050 ves·

174 3079 232 3127 tros
245 3080 351 3144 portus,
367 3081 452 3146 atque
465 3092 514 3130 eos
527 3084 624 3149 portus
637 3076 741 3151 quibus
754 3076 841 3132 vitam
857 3083 887 3131 et
900 3073 1029 3148 spiritum
1044 3073 1159 3142 ducitis,

175 3148 205 3204 in
218 3149 384 3222 praedonum
398 3149 485 3207 fuisse
495 3163 634 3226 potestate
645 3154 763 3211 sciatisl
793 3155 841 3210 An
856 3150 923 3209 verb
938 3150 1085 3226 ignoratis,
1098 3169 1160 3225 por-
1173 3163 1209 3214 35

174 3236 236 3282 turn
251 3226 360 3283 Caietae
374 3227 595 3287 celeberrimum
609 3241 694 3306 atque
706 3231 903 3307 plenissimum
913 3229 1039 3298 navium,
1051 3228 1161 3302 inspeo-
1184 3260 1187 3267 .

175 3313 254 3360 tante
267 3315 396 3378 praetore,
411 3324 428 3362 a
441 3309 622 3381 praedonibus
636 3329 698 3367 esse
709 3311 867 3385 direptum3
882 3327 918 3364 ex
929 3305 1043 3362 Miseno
1055 3315 1159 3375 autern,

175 3382 237 3456 ejus
251 3382 338 3457 ipsius
351 3383 465 3455 liberos,
480 3386 529 3460 qui
543 3405 609 3445 curn
623 3388 804 3464 praedonibus
818 3397 903 3443 antea
921 3384 962 3442 ibi
979 3383 1085 3440 bellurn
1099 3402 1162 3458 ges-

175 3470 261 3529 serat,
276 3461 486 3536 apraedonibirs
499 3484 562 3522 esse
576 3467 722 3523 sublatosl
761 3464 839 3521 Nam
860 3463 929 3537 quid
951 3481 1005 3538 ego
1025 3460 1161 3518 Ostiense

176 3538 398 3610 incommodum,
428 3552 512 3616 atque
538 3542 617 3601 illam
651 3545 747 3601 labem
782 3553 867 3617 atque
894 3539 1080 3617 ignominiam
1107 3540 1161 3596 rei·
1174 3539 1209 3592 40

175 3616 308 3692 publicar,
331 3637 450 3692 querar3
480 3619 560 3691 cdm,
581 3621 667 3698 prope
696 3620 923 3696 inspectantibus
949 3619 1038 3688 vobio,
1060 3618 1161 3675 classis

175 3713 220 3764 ea,
236 3695 284 3752 cui
298 3697 397 3753 consul
411 3698 506 3772 populi
521 3698 647 3757 Romani
660 3699 827 3775 praepositus
848 3707 933 3768 esset,
949 3717 965 3753 a
981 3698 1161 3773 praedonibus

176 3784 261 3847 capta
283 3783 367 3848 atque
388 3794 522 3850 oppressa
543 3780 606 3834 estl
647 3778 712 3848 Pro,
729 3777 780 3834 Dii
802 3776 991 3835 immortales!
1013 3786 1162 3833 tantamne

176 3851 262 3909 unius
282 3852 406 3910 bominis
427 3853 606 3914 incredibilis
627 3875 662 3916 ac
684 3857 782 3915 diviua
803 3855 892 3915 virtus
912 3866 972 3913 tam
993 3854 1072 3913 brevi
1091 3863 1163 3911 tem-
