2702 4464
395 329 532 380 osn‘rlo
553 330 623 381 1’1t0
645 331 744 382 LEGE
765 330 931 381 Manlum.
1166 335 1207 394 55

168 472 282 550 magnis
308 472 398 549 copiis
423 473 604 532 minitantem
630 474 721 546 Asiae,
741 472 905 532 retardavit.
946 471 985 530 Et
1004 471 1155 548 quisquam

169 553 312 609 dubitabit
314 552 405 626 ,quid
418 553 522 610 virtute
535 553 732 648 perfeeturus·
728 554 775 624 sit,
789 553 839 627 qui
852 561 964 608 tantum
985 552 1155 610 auctoritate

168 631 341 707 perfecerit?
363 640 413 688 aut
425 649 512 706 quam
527 629 641 688 facilis
633 632 752 721 1mperio
771 641 857 705 etque
870 629 999 687 exercitu
1013 630 1107 688 soeios
1125 640 1155 688 et

169 710 322 785 vectigalia
335 719 555 767 conservaturus
574 710 621 782 sit,
635 711 684 785 qui
704 710 765 785 ipso
784 708 902 767 nomine
923 727 958 766 ao
977 726 1093 766 rumore
1106 708 1156 767 de·
1188 782 1207 835 5

168 786 311 845 senderitt

142 933 146 939 .
206 865 292 923 XVI.
326 867 394 943 Age
407 864 486 938 verb,
501 867 610 925 sileres
623 874 759 942 quantam
774 866 902 924 declarat
915 865 1045 941 ejusdem
1064 866 1155 923 homi·

167 944 213 1001 nis
227 944 303 1020 a'pud
323 947 420 1003 hostes
438 957 535 1022 poputr
555 945 683 1002 Romani
704 945 914 1015 auctoritatem,
929 942 1007 1018 qudd
1027 963 1063 1001 ex
1081 945 1154 1002 loeis

167 1033 227 1080 tam
246 1024 422 1099 longinquis,
438 1033 558 1098 tamque
578 1023 706 1092 diversis,
727 1032 787 1079 tam
807 1024 886 1081 brevi
906 1033 1041 1098 tempore,
1052 1041 1155 1081 omnes

102 1113 106 1118 ’
167 1102 219 1158 uni
243 1102 313 1159 huie
338 1110 370 1159 se
396 1102 588 1159 dediderunt?
616 1100 694 1176 quod
714 1100 898 1159 Cretensium
918 1101 1016 1177 legati,
1037 1119 1104 1158 oum
1124 1102 1154 1158 in

167 1198 267 1237 eorum
294 1180 389 1237 insulis
418 1190 515 1238 noster
543 1180 695 1255 imperator
715 1179 915 1254 exercitusque
935 1189 1020 1250 esset,
1042 1180 1078 1235 ad
1098 1179 1153 1237 Cn.
1173 1180 1206 1234 lo
1286 1228 1299 1239 .

167 1258 336 1334 Pompeium
356 1259 386 1315 in
407 1258 522 1315 ultimas
540 1256 627 1334 prope
647 1268 737 1315 terras
751 1268 899 1328 venerunt,
914 1257 998 1332 eique
1012 1277 1042 1314 se
1055 1276 1154 1315 omnes

167 1336 351 1394 Cretensium
379 1337 510 1394 civitates
536 1337 642 1393 dedere
668 1335 741 1393 velle
768 1337 921 1392 dixerunti
953 1335 1057 1397 Quidt
1077 1336 1154 1393 idem

167 1416 221 1472 iste
242 1414 436 1485 Mithridates,
450 1434 555 1485 nonne,
571 1415 607 1471 ad
621 1415 745 1471 eundem
765 1414 820 1471 Cn.
836 1414 1013 1489 Pompeium,
1027 1415 1154 1490 legatum

167 1512 258 1568 usque
278 1494 308 1550 in
329 1493 502 1568 Hispaniam
515 1493 609 1562 misit3
630 1511 754 1567 eumque
775 1492 928 1568 Pompeius
941 1492 1068 1568 legatum
1082 1511 1155 1549 sem·

166 1591 217 1647 per
232 1571 418 1646 judicavit:
411 1572 442 1661 ri,
459 1572 563 1646 quibus
581 1589 691 1646 semper
711 1581 773 1627 eret
793 1572 953 1641 molestum,
969 1572 1005 1628 ad
1023 1577 1095 1628 eum*
1107 1590 1155 1646 po·
1172 1572 1206 1625 ts

167 1647 310 1707 tissimum
324 1668 387 1707 esse
400 1651 519 1706 missum
522 1650 762 1739 ,speculatorem
776 1647 862 1724 quem
880 1650 1017 1725 legatum,
1029 1649 1154 1723 judicari

167 1729 338 1786 maluerunt.
379 1729 503 1786 Potestis
523 1729 610 1804 igitur
628 1727 688 1803 jam
709 1728 893 1798 oonstituere‚
913 1728 1056 1817 Quirites,
1078 1728 1154 1785 hano

168 1808 378 1878 auctoritatem,
399 1807 497 1864 multis
523 1816 622 1883 postea
641 1806 727 1863 rebus
747 1806 844 1882 gestis,
866 1806 1034 1882 magnisque
1054 1807 1155 1863 vestris

165 1884 284 1960 judiciis
311 1853 524 1962 amplificatam,
545 1883 685 1959 quantum
713 1885 788 1960 apud
815 1885 878 1942 illos
901 1904 993 1974 reges,
1014 1882 1154 1960 quantirm

170 1964 245 2039 apud
258 1973 370 2021 exteras
383 1964 523 2034 nationes,
538 1964 689 2020 valituram
703 1982 766 2020 esse
780 1963 956 2021 existimetis

210 2041 366 2116 Reliquum
387 2052 440 2113 est,
456 2052 487 2099 ut
507 2009 543 2101 de
564 2041 712 2112 felicitate,
726 2060 812 2116 quam
831 2052 966 2117 praestare
985 2042 1023 2100 de
1042 2061 1074 2100 se
1094 2041 1155 2118 ipso

168 2139 255 2177 nemo
266 2131 367 2196 potest,
381 2121 547 2178 meminisse
557 2129 586 2177 et
597 2134 820 2178 commemorare
833 2122 870 2177 de
887 2121 977 2179 altero
994 2139 1153 2196 possumus,

169 2198 245 2255 sieut
271 2218 383 2274 aequum
410 2208 454 2257 est
479 2199 589 2257 homini
616 2199 653 2255 de
678 2208 817 2273 potestate
844 2199 982 2270 Deorum,
1003 2198 1104 2255 timide
1125 2209 1155 2257 et

168 2295 264 2351 pauca
276 2277 415 2334 dieamus.
456 2277 520 2353 Ego
533 2277 610 2334 enim
624 2277 667 2334 sio
680 2277 830 2335 existimo:
851 2277 989 2348 Maximo,
1004 2277 1153 2347 Marcello,

170 2354 310 2429 Scipioni,
325 2353 430 2425 Mario,
444 2365 473 2412 et
492 2355 604 2412 steteris
623 2355 737 2432 magnis
750 2355 977 2431 imperatoribus,
991 2375 1049 2413 non
1062 2354 1154 2413 soldm
1170 2360 1207 2415 25

169 2441 283 2508 propter
296 2433 439 2504 virtutem,
454 2435 504 2490 sed
517 2434 604 2490 etiam
619 2444 731 2510 propter
752 2433 905 2504 fortunam,
920 2433 1022 2508 saepius
1035 2434 1155 2508 imperia

169 2511 316 2581 insudate,
338 2521 422 2585 atque
445 2511 587 2569 exereitus
607 2532 670 2569 esse
691 2512 865 2569 commissos.
907 2511 977 2568 Fuit
996 2510 1074 2568 enim
1092 2531 1155 2587 pro·
1203 2540 1216 2561 ·

170 2587 247 2646 fecto
262 2556 438 2664 quibusdam
458 2590 577 2647 summis
596 2590 664 2648 viris
683 2591 814 2664 quaedam
836 2590 872 2647 ad
893 2589 1108 2665 amplitudinem
1126 2600 1155 2648 et

169 2667 299 2742 gloriam,
314 2679 344 2725 et
357 2668 393 2725 ad
407 2688 453 2725 res
466 2688 586 2745 magnas
606 2667 680 2726 bene
702 2669 852 2744 gerendas,
868 2668 1005 2726 divinitus
1019 2668 1155 2744 adjuncta
1252 2696 1259 2701 ·

170 2745 301 2803 fortuna:
329 2747 365 2803 de
388 2747 474 2822 hujus
501 2757 598 2804 autem
624 2747 749 2804 hominis
775 2746 923 2818 felicitate,
943 2766 1000 2822 quo
1019 2749 1055 2806 de
1075 2767 1154 2806 nuno
1170 2753 1207 2808 ω

170 2824 291 2899 agimus,
305 2825 362 2882 hae
382 2836 445 2882 utar
464 2826 659 2883 moderatione
673 2824 799 2895 dicendi,
814 2845 871 2883 non
885 2835 917 2882 ut
930 2826 959 2884 in
974 2826 1051 2884 illius
1063 2838 1155 2902 potes·

167 2911 227 2958 tate
247 2902 390 2960 fortunam
415 2903 538 2979 positam
559 2923 622 2961 esse
642 2905 748 2974 dicam,
769 2905 820 2961 sed
840 2914 872 2961 ut
891 2905 1035 2980 preterita
1055 2905 1155 2961 memi-

168 2980 245 3037 nisse
249 2982 377 3056 ‚reliqua
387 3001 501 3057 sperare
512 2982 675 3051 videamur3
696 3002 734 3040 ne
748 2992 797 3039 aut
811 2982 903 3040 invisa
915 2983 980 3040 Diis
991 2982 1155 3041 immortali·

168 3059 222 3115 bus
235 3060 325 3117 oratio
338 3070 444 3131 nostra,
460 3071 510 3117 aut
523 3061 645 3136 ingrata,
660 3079 723 3118 esse
736 3061 875 3119 videatur.

207 3137 309 3212 Itaque
339 3158 397 3196 non
417 3158 482 3195 sum
507 3106 723 3236 pridioaturus,
742 3139 885 3210 Quirites,
899 3149 1021 3216 quantas
1040 3138 1089 3197 ille
1108 3159 1155 3197 res
1170 3148 1207 3202 35

167 3215 245 3273 domi
256 3216 435 3291 militiaeque,
446 3217 523 3275 terra
537 3217 676 3292 morique,
686 3217 850 3293 quantaque
865 3218 1002 3277 felicitate
1016 3218 1153 3294 gesserit:

167 3305 200 3351 ut
220 3294 282 3383 ejus
309 3314 421 3371 semper
447 3296 640 3354 voluntatibus
666 3316 726 3353 non
752 3295 838 3354 modd
866 3297 944 3354 cives
971 3296 1154 3367 assenserint,

167 3373 239 3430 sooii
258 3374 491 3450 obtemperarint,
506 3375 601 3433 hostes
620 3373 790 3446 obedierint,
809 3376 861 3432 sed
880 3375 967 3432 etiam
987 3374 1064 3430 venti
1085 3383 1155 3431 tem-

166 3461 347 3527 pestatesque
373 3452 606 3511 obsecundtirint.
648 3453 714 3511 Hoo
741 3420 907 3510 brevissime
935 3453 1041 3522 dicam,
1065 3452 1155 3510 nemi·

167 3548 235 3586 nem
256 3549 383 3603 unquam
402 3541 462 3588 tam
482 3532 677 3622 impudentem
699 3531 796 3602 fuisse,
810 3531 892 3606 quia
911 3530 977 3588 Diis
991 3531 1154 3589 immortali·
1170 3538 1207 3594 40

167 3607 222 3664 bus
241 3618 282 3665 tot
295 3618 324 3666 et
338 3619 432 3667 tantas
452 3630 498 3675 res
517 3611 624 3668 tacitus
644 3611 763 3667 auderet
782 3619 889 3684 optare,
904 3620 972 3684 quot
991 3618 1021 3667 et
1033 3621 1154 3685 quantas

166 3685 218 3743 Dii
239 3687 413 3746 immortales
434 3690 471 3746 ad
491 3689 546 3746 Cn.
560 3686 735 3779 Pompeium
749 3688 921 3746 detulerunt.
962 3690 1051 3778 Quod
1065 3700 1097 3748 ut
1111 3689 1153 3748 illi

166 3766 310 3842 proprium
331 3785 367 3824 ao
385 3778 553 3844 perpetuum
574 3767 621 3836 sit,
633 3765 824 3841 Quirites
792 3787 860 3828 cum
875 3767 1043 3831 eommunis
1054 3768 1154 3826 salutis
