2658 4468
186 365 246 426 ldll
487 363 623 413 ORATIO
646 363 685 413 IN
706 363 747 413 Μ.
767 360 971 414 ΑΝἸῸΝΙΠΜ,

274 508 334 564 Sed
355 509 428 577 hec,
443 524 507 581 quar
530 505 698 565 robustioris
724 505 914 582 improbitatis
940 514 1018 575 sunt,
1041 503 1212 563 omittamus:

234 586 383 660 loquamur
402 583 497 661 potitis
517 586 553 642 ds
575 585 751 660 nequissimo
774 603 881 660 genere
902 584 1036 641 levitatis.
1078 583 1136 653 Tu,
1158 583 1213 640 istis

235 664 376 734 faucibus,
391 663 453 720 istis
466 663 613 731 lateribus,
628 663 684 719 ista
704 662 875 739 gladiatorii
895 661 982 720 totius
1001 662 1124 737 corporis
1137 661 1214 718 firmi·

234 752 303 811 tate,
317 752 429 798 tantum
449 741 508 798 vini
529 742 559 798 in
581 741 696 816 Hippiae
716 741 825 816 nuptiis
844 741 1030 811 exhauseras,
1051 751 1083 797 ut
1102 740 1151 797 tibi
1169 759 1214 796 ne·

201 827 316 881 5cesse
335 831 411 877 esset
431 819 461 877 in
480 819 577 895 populi
608 818 735 876 Romani
763 829 921 895 conspectu
941 837 1056 876 vomere
1078 818 1212 893 postridie.

234 898 263 956 Ο
284 917 356 968 rem,
370 917 428 955 non
449 897 534 957 modb
555 897 618 954 visu
639 897 755 968 foedam,
769 899 819 955 sed
841 897 929 954 etiam
943 897 1061 954 auditu!
1093 897 1134 967 si,
1148 897 1214 952 inter

234 995 359 1047 coenam,
374 976 403 1033 in
426 976 494 1053 ipsis
516 976 574 1033 tuis
595 976 770 1033 immanibus
790 976 847 1034 illis
867 976 988 1052 poculis,
1003 976 1059 1032 hoc
1078 975 1130 1032 tibi
1146 974 1214 1031 acci·

234 1056 333 1125 disset,
347 1055 411 1131 quis
431 1075 489 1113 non
509 1065 592 1130 turpe
615 1055 756 1112 duceretl
790 1054 827 1113 In
853 1065 930 1112 coetu
954 1052 1023 1112 verri
1047 1053 1141 1129 populi
1163 1053 1214 1109 Ro·

235 1134 324 1204 mani,
352 1135 501 1210 negotium
526 1133 676 1208 publicum
703 1153 816 1210 gerens,
844 1133 983 1210 magister
1010 1132 1146 1208 equiturn,
1172 1129 1213 1189 cui

189 1216 350 1271 infuscare
369 1222 452 1288 turpe
472 1222 557 1282 esset,
572 1211 606 1283 is,
621 1231 747 1283 vomens,
765 1212 862 1271 frustis
882 1211 1050 1281 esculentis,
1065 1210 1159 1267 vinum
1177 1229 1215 1266 re·

235 1290 407 1360 dolentibus,
434 1290 576 1367 gremium
609 1309 704 1361 sunm,
738 1301 768 1348 et
799 1300 890 1348 toturn
923 1290 1063 1360 tribunal,
1090 1287 1212 1364 implevit

236 1369 295 1425 Sed
317 1368 372 1425 hoc
396 1368 456 1444 ipse
480 1369 584 1426 fatetur
608 1388 673 1426 essa
700 1368 730 1425 in
752 1368 812 1425 suis
835 1368 987 1426 sordibus:
1016 1367 1161 1426 veniamus
1182 1366 1213 1422 ad

235 1446 393 1522 splendida

274 1524 392 1582 XXVI.
426 1524 525 1582 Cesar
547 1525 727 1583 Alexandrini
746 1544 778 1582 se
796 1525 916 1601 recepit,
939 1524 1019 1596 felix,
1040 1533 1072 1580 ut
1092 1523 1143 1580 sibi
1162 1521 1213 1598 qui·

187 1605 222 1659 15
235 1602 301 1659 dem
315 1603 483 1672 videbatur;
504 1603 571 1659 meri
590 1613 686 1660 autern
706 1604 860 1674 sententiis,
875 1605 899 1661 si
919 1602 986 1679 quis
1006 1602 1166 1678 reipublice
1182 1601 1214 1657 sit

235 1681 344 1750 infelix,
361 1681 430 1738 felix
453 1700 516 1738 esse
540 1701 597 1738 non
620 1691 720 1757 potest.
763 1682 856 1739 Hasta
879 1682 972 1758 posita
994 1701 1046 1757 pro
1067 1682 1128 1738 aede
1152 1680 1214 1737 love

235 1760 366 1828 Statoris,
381 1760 456 1817 bona
476 1759 532 1816 Cn.
555 1759 684 1835 Pompeii
699 1759 850 1835 (miserum
864 1762 926 1818 me!
949 1759 1126 1834 consumptis
1145 1758 1213 1815 enim

234 1837 379 1911 lacrymis,
393 1848 491 1894 tamen
515 1837 620 1894 infixus
642 1838 739 1896 animo
762 1841 851 1896 heret
871 1838 963 1916 dolor)
989 1839 1075 1909 bona,
1099 1838 1213 1911 inquam,

234 1914 290 1971 Cn.
318 1915 447 1991 Pompeii
473 1915 587 1991 Magni,
609 1916 673 1973 voci
698 1916 891 1974 acerbissima
918 1917 1052 1994 subjecta
1077 1915 1205 1992 preconis

185 2004 222 2057 20
234 1993 300 2050 Unt
322 1993 352 2050 in
375 1994 425 2050 ills
449 2013 481 2050 re
502 1994 648 2051 servitutis
670 1995 769 2066 oblita,
784 1995 885 2053 civitas
899 1996 1060 2072 ingemuit3
1081 1992 1214 2052 servienti·

235 2071 345 2144 busque
372 2071 486 2142 animis,
514 2073 639 2148 gemitus
658 2083 762 2131 >tamen
785 2073 881 2150 populi
908 2074 1038 2132 Romani
1064 2075 1134 2131 liber
1159 2070 1210 2129 fuit

235 2148 477 2224 Exspectantibus
489 2150 633 2221 omnibus,
647 2151 780 2226 quisnam
802 2163 878 2210 esset
896 2163 956 2208 tarn
976 2152 1090 2229 impius,
1105 2162 1159 2208 tam
1171 2150 1212 2206 de·

235 2245 327 2297 mens,
341 2238 400 2285 tam
422 2227 488 2285 Diis
509 2229 730 2305 hominibusque
744 2232 842 2301 hostis,
856 2231 905 2305 qui
920 2232 956 2287 ad
971 2230 1044 2288 illud
1058 2230 1148 2287 scelus
1160 2247 1212 2285 seo

235 2305 322 2363 tionis
343 2307 462 2365 auderet
486 2309 637 2379 accedere,
652 2309 786 2366 inventus
808 2320 852 2367 est
874 2328 968 2379 nemo,
983 2319 1087 2385 praeter
1104 2305 1223 2365 Antoni

184 2392 220 2446 25
236 2403 295 2455 um,
308 2387 465 2461 pracsertim
486 2385 555 2444 cirin
568 2396 610 2443 tot
623 2397 719 2444 essent
737 2389 848 2445 circum
868 2389 980 2445 hastam
1004 2389 1092 2458 illam,
1106 2386 1152 2462 qui
1164 2384 1212 2440 alis

181 2504 187 2511 -
234 2464 332 2521 omnia
354 2466 501 2522 auderent.
542 2465 626 2522 Unus
649 2465 782 2523 inventus
802 2476 854 2537 est,
878 2467 977 2541 quiid
1000 2467 1127 2537 auderet,
1148 2461 1213 2538 quod

234 2543 362 2600 omniurn
377 2544 498 2619 firgisset
511 2553 540 2601 et
554 2543 768 2602 reformiddsset
782 2545 913 2602 audacia.

274 2620 390 2677 Tantus
414 2622 501 2697 igitur
524 2633 553 2680 te
576 2632 674 2696 stupor
696 2623 844 2717 oppressit,
864 2623 909 2680 vel
931 2621 977 2700 (ut
996 2622 1093 2682 veriirs
1113 2617 1210 2695 dicam)

234 2706 332 2755 tantus
355 2699 443 2769 furor,
467 2710 509 2771 ut,
532 2699 668 2776 primum,
692 2719 761 2757 cum
785 2711 878 2758 sector
901 2700 940 2757 sis
967 2702 1023 2760 isto
1046 2703 1108 2760 loco
1128 2707 1210 2765 natus,

184 2780 220 2835 θ)
236 2775 340 2833 deinde
367 2774 436 2834 cirin
462 2777 591 2854 Pompeii
614 2787 719 2848 sector,
746 2799 804 2837 non
831 2788 860 2836 te
887 2782 1096 2838 exsecrandum
1120 2775 1211 2855 populo

235 2853 380 2924 Romano,
404 2875 461 2913 non
488 2856 698 2927 detestabilem,
722 2877 781 2914 non
804 2876 903 2915 omncs
929 2858 983 2915 tibi
1010 2859 1097 2929 Deos,
1123 2870 1211 2915 omnes

235 2931 375 3002 homineS,
390 2943 419 2990 et
439 2952 502 2990 esse
522 2933 665 3005 inimicos,
680 2945 709 2992 et
729 2936 839 2994 futuros
858 2936 954 2994 sciasl
989 2939 1031 2995 At
1051 2935 1134 3012 qudnr
1147 2934 1210 2990 inso·

233 3009 326 3068 lenter
340 3012 436 3068 statim
459 3012 556 3069 helluo
578 3011 683 3070 invasit
706 3015 737 3072 in
757 3015 820 3089 ejus
842 3014 896 3073 viri
916 3015 1054 3086 fortunas,
1068 3014 1148 3089 cujus
1165 3009 1210 3065 vir·

234 3095 296 3146 tute
309 3089 465 3148 terribilior
476 3099 538 3148 erat
550 3091 671 3167 populus
691 3092 845 3151 Romanus
864 3094 970 3153 exteris
987 3095 1129 3170 gentibus,
1139 3086 1210 3165 justi-

184 3168 220 3227 85
235 3166 276 3223 tia
290 3166 400 3225 cariori

217 3292 224 3299 .
274 3245 407 3304 XXVII.
439 3247 475 3305 ln
497 3247 559 3323 ejus
580 3248 668 3324 igitur
691 3250 789 3326 copias
808 3248 877 3308 crim
897 3270 929 3308 ss
952 3250 1047 3310 subitd
1067 3244 1209 3325 ingurgita-

235 3324 331 3395 visset,
356 3326 517 3384 exsultabat
543 3327 659 3402 gaudio,
682 3348 804 3404 persona
828 3329 865 3386 de
888 3329 986 3400 mimo,
1010 3328 1095 3387 modd
1122 3339 1208 3401 egent,

234 3402 352 3479 repente
368 3404 455 3463 dives.
498 3406 567 3475 Sed,
578 3415 610 3461 ut
623 3416 667 3463 est
681 3408 757 3481 apud
769 3411 885 3482 poetam
896 3408 1102 3484 nescioquem,
1116 3411 1133 3437 “
1143 3396 1208 3458 mall

234 3491 317 3556 parta
330 3482 405 3540 male
421 3483 614 3541 dilabuntur.''
656 3483 843 3555 Incredibile,
859 3504 894 3543 ac
916 3487 1009 3543 simile
1029 3481 1147 3562 portenti
1163 3485 1207 3545 est,

185 3557 360 3632 ecquonam
374 3562 459 3619 modo
473 3561 523 3618 illa
535 3571 594 3617 tam
609 3562 709 3631 multa,
723 3561 811 3636 quam
830 3565 941 3639 paucis,
956 3584 1014 3622 non
1034 3565 1099 3621 dico
1118 3554 1208 3616 mensi·

236 3636 299 3706 bus,
315 3637 366 3694 sed
379 3638 491 3709 diebus,
506 3639 646 3697 effuderit.
688 3640 835 3697 Maximus
849 3642 908 3699 vini
926 3661 1063 3700 numerus
1084 3639 1143 3706 fuit,
1156 3650 1209 3709 per·

235 3731 373 3789 magnum
399 3716 498 3790 optimi
523 3718 635 3792 pondus
664 3719 785 3794 argenti,
812 3720 937 3795 pretiosa
963 3721 1058 3790 vestis,
1081 3715 1165 3775 multa
1184 3716 1208 3765 et

235 3790 315 3849 lauta
341 3793 478 3873 supellex,
499 3804 529 3851 et
554 3796 710 3870 magnifica
733 3797 832 3854 multis
857 3797 939 3869 locis,
959 3818 1018 3856 non
1038 3798 1087 3856 illa
1105 3790 1209 3868 quidem
