2702 4464
154 379 195 438 70
343 426 346 437 ,
466 378 602 428 ORATIO
625 377 695 426 PRO
718 378 750 436 Q.
775 376 935 426 LIGARIO.

580 682 810 763 ORATIO

397 923 528 997 PRO
571 924 632 1016 Q.
672 921 990 997 LIGARIO.

240 1312 265 1370 1.
286 1311 401 1370 Novum
417 1313 538 1384 crimen,
553 1312 608 1371 cai
622 1313 731 1382 Caesar,
746 1320 775 1368 et
794 1321 861 1369 ante
881 1311 961 1369 hunc
981 1311 1058 1368 diem
1080 1311 1190 1369 inaudi-

201 1401 273 1461 tum,
294 1391 468 1467 propinquus
492 1409 573 1448 meus
597 1393 633 1448 ad
656 1401 695 1460 te,
708 1390 749 1452 Q.
763 1390 893 1461 Tubero,
917 1390 1029 1461 detulit,
1049 1389 1089 1451 Q.
1105 1390 1191 1471 Liga-

202 1470 276 1526 rium
291 1469 320 1526 iu
335 1470 437 1526 Africa
452 1469 557 1526 fuisse:
579 1470 664 1544 idque
678 1470 713 1526 C.
727 1468 833 1539 Pansa,
847 1468 993 1545 praestanti
1007 1469 1049 1525 vir
1063 1468 1189 1544 ingenio,

202 1546 291 1605 fretus
308 1548 426 1605 fortasse
449 1546 485 1605 ed
509 1547 702 1607 familiaritate
722 1566 786 1621 quae
806 1557 850 1604 est
870 1547 898 1604 ei
918 1556 1025 1617 tecum,
1041 1565 1127 1603 susus
1146 1558 1190 1604 est

168 1625 340 1686 Sconfrteri.
395 1626 508 1700 Itaque,
530 1623 587 1701 quo
609 1645 656 1683 me
676 1635 795 1696 vertam,
823 1625 937 1694 nescio;
966 1635 1083 1700 paratus
1111 1626 1189 1682 enim

201 1723 347 1776 veneram,
370 1702 450 1781 (cum
464 1715 496 1761 tu
520 1704 549 1761 id
571 1724 665 1778 neque
678 1723 728 1779 per
751 1713 780 1760 te
794 1704 893 1774 scires,
907 1722 1001 1778 neque
1020 1704 1119 1761 audire
1140 1705 1190 1761 ali-

201 1783 279 1840 unde
292 1783 445 1862 potuisses)
461 1792 493 1840 ut
507 1783 684 1859 ignoratione
698 1781 749 1838 tud
764 1782 800 1838 ad
814 1782 938 1840 hominis
957 1782 1054 1839 miseri
1068 1782 1189 1839 salutem

203 1863 352 1918 abuterer:
373 1862 434 1933 sed,
448 1862 584 1935 quoniam
607 1860 759 1936 diligentiis
782 1860 894 1918 inimici
913 1860 1115 1937 investigatum
1135 1871 1188 1931 est,

201 1941 277 2015 quod
300 1939 417 2010 latebat,
444 1939 639 1997 confitendum
660 1948 713 2010 est,
741 1948 774 1995 ut
799 1940 916 2015 opinor;
943 1939 1100 2014 praesertim
1121 1936 1189 1998 cum

152 2018 187 2074 10
202 2037 283 2075 meus
296 2019 486 2088 necessarius,
501 2018 536 2075 C.
551 2017 655 2088 Pansa,
670 2017 782 2089 fecerit,
796 2027 828 2075 ut
841 2018 870 2074 id
888 2018 948 2093 jam
968 2017 1110 2094 integrum
1131 2037 1189 2076 non

201 2106 293 2154 esset:
313 2097 476 2171 emissique
487 2096 689 2167 controversiis,
700 2096 794 2154 omnis
806 2096 898 2154 oratio
912 2095 948 2152 ad
961 2095 1189 2153 misericordiam

200 2185 281 2233 tuam
295 2174 469 2232 conferenda
483 2185 545 2246 est;
567 2175 625 2253 qud
638 2174 756 2251 plurimi
769 2185 837 2232 sunt
856 2174 1025 2244 conservati,
1041 2171 1109 2232 cium
1124 2193 1141 2231 a
1160 2186 1189 2234 te

201 2274 259 2312 nou
272 2254 471 2312 liberationem
486 2256 587 2332 culpae,
599 2256 652 2325 sed
666 2255 753 2313 errati
767 2255 890 2326 veniam,
905 2253 1140 2329 impetravissent.
1212 2308 1214 2311 ,

239 2332 340 2389 Habes
354 2333 451 2409 igitur,
465 2333 594 2406 Tubero,
611 2332 700 2411 (quod
714 2342 758 2390 est
779 2332 940 2391 accusatori
953 2331 1077 2388 maxim&
1092 2343 1190 2407 optan-

151 2407 185 2461 15
199 2410 282 2489 dum)
298 2411 483 2487 confitentem
496 2432 587 2483 reum,
602 2413 653 2469 sed
666 2422 764 2469 tamen
779 2412 819 2468 ita
841 2410 1036 2480 confitentem,
1050 2430 1081 2467 se
1102 2411 1132 2467 in
1152 2411 1189 2468 ed

198 2500 279 2564 parte
290 2489 388 2562 fuisse,
402 2491 459 2566 qud
472 2500 512 2562 te,
526 2491 655 2561 Tubero,
670 2491 727 2565 qui
741 2490 834 2549 virum
856 2489 935 2548 omni
958 2488 1043 2548 laude
1057 2489 1187 2565 dignum,

198 2577 309 2642 patrem
325 2577 416 2626 tuum.
457 2568 559 2644 Itaque
582 2567 662 2645 prius
686 2570 722 2626 de
746 2579 839 2628 vestro
862 2571 969 2627 delicto
982 2566 1187 2637 confiteamini,

199 2664 318 2703 necesse
333 2658 386 2717 est,
400 2645 487 2721 qudm
501 2647 611 2723 Ligarii
625 2647 716 2704 ullam
729 2648 843 2723 culpam
857 2649 1080 2723 reprehendatis.

237 2722 278 2784 Q.
300 2724 378 2780 enim
399 2724 543 2800 Ligarius,
565 2722 633 2781 cinn
655 2736 730 2782 esset
750 2727 845 2784 adhuc
865 2727 945 2784 nulla
966 2727 1032 2783 belli
1053 2727 1187 2803 suspicio,

149 2805 185 2859 20
199 2800 312 2876 legatus
333 2802 364 2859 in
387 2802 519 2859 Africam
541 2822 608 2860 cum
630 2803 665 2860 O.
680 2804 819 2862 Considio
838 2806 983 2882 profectus
996 2815 1059 2862 est:
1080 2806 1137 2879 qud
1158 2806 1187 2863 in

199 2878 353 2954 legatione,
376 2891 407 2938 et
427 2880 539 2937 civibus
562 2890 592 2938 et
614 2882 700 2938 sociis
721 2882 762 2938 ita
781 2902 813 2940 se
832 2884 970 2958 probavit,
991 2893 1024 2940 ut
1043 2885 1188 2941 decedens

200 2957 356 3015 Considius
387 2959 535 3034 provinciis
563 2959 729 3017 satisfacere
762 2962 926 3019 hominibus
954 2981 1012 3019 non
1037 2972 1141 3037 posset,
1162 2962 1187 3019 si

199 3054 363 3110 quenquam
378 3037 466 3094 aliurn
479 3037 632 3112 provinciae
646 3038 830 3113 praefecisset.
871 3039 975 3114 Itaque
997 3039 1037 3101 Q.
1053 3040 1187 3116 Ligarius

201 3111 294 3185 (crim,
321 3115 372 3172 diu
399 3134 545 3185 recusans,
572 3116 643 3173 nihil
670 3116 851 3196 profecisset)
878 3119 1054 3194 provinciam
1076 3119 1187 3194 accepit

149 3193 185 3246 25
200 3191 324 3251 invitus:
346 3194 394 3251 cui
408 3193 451 3250 sic
464 3194 576 3269 praefuit
591 3195 620 3252 in
638 3214 720 3270 pace,
735 3205 809 3253 utet
833 3198 944 3253 civibus
967 3207 996 3255 et
1019 3197 1104 3254 sociis
1124 3217 1188 3272 gru·

199 3271 311 3329 tissima
323 3283 399 3329 esset
412 3272 474 3346 ejus
488 3273 637 3349 integritas
651 3283 680 3331 et
694 3273 773 3331 fides.
816 3275 929 3332 Bellum
943 3274 1037 3332 subito
1062 3276 1185 3346 exarsit3

199 3351 285 3423 quod,
299 3350 347 3425 qui
362 3361 444 3408 erant
457 3350 486 3407 in
503 3352 614 3422 Africis,
630 3351 697 3409 ante
713 3354 865 3410 audierunt
888 3354 959 3429 geri,
974 3352 1061 3428 quam
1081 3355 1185 3429 parari.

197 3427 269 3489 Quo
296 3431 402 3500 audito,
425 3430 528 3505 partim
550 3431 707 3506 cupiditate
732 3431 954 3501 inconsiderata,
977 3433 1080 3506 partim
1108 3452 1188 3491 caeco

114 3520 123 3543 ¹
199 3509 322 3580 quodam
336 3509 447 3578 timore,
460 3505 553 3585 primi)
577 3509 687 3579 salutis,
710 3507 775 3585 pbst
798 3509 885 3566 etiam
903 3510 990 3566 studii
1004 3510 1059 3580 sui,
1080 3529 1187 3584 quaere·

149 3582 185 3637 30
199 3585 269 3642 bant
283 3585 405 3661 aliquem
420 3588 541 3645 ducem:
562 3585 630 3645 ciam
644 3587 788 3664 Ligarius,
803 3588 919 3645 domum
940 3597 1082 3664 spectans,
1097 3600 1127 3646 et
1150 3589 1186 3645 ud

199 3682 265 3720 suos
285 3664 379 3722 redire
402 3667 530 3740 cupiens,
558 3666 637 3723 nullo
656 3685 688 3722 se
715 3666 856 3741 implicari
879 3667 995 3742 negotio
1013 3686 1114 3742 passus
1133 3676 1184 3724 est.

201 3740 319 3798 Interior
349 3742 381 3800 P.
404 3744 501 3800 Attius
530 3743 636 3815 Varus,
656 3744 705 3818 qui
732 3755 834 3820 praetor
854 3745 986 3802 Africam
1012 3746 1185 3816 obtinuerat,

201 3819 315 3876 Uticam
342 3821 438 3877 venit:
460 3821 496 3877 ad
518 3840 585 3877 eum
606 3823 702 3878 statIm
723 3841 896 3879 concursum
917 3835 968 3880 est.
1020 3825 1117 3898 Atque
1137 3825 1186 3882 ille

199 3917 256 3955 non
271 3898 408 3954 mediocri
419 3899 575 3972 cupiditate
590 3900 708 3973 arripuit
722 3900 883 3975 imperium,
897 3902 922 3956 si
942 3902 1014 3958 illud
1035 3902 1185 3978 imperium

147 3979 185 4034 35
200 3994 262 4033 esse
275 3975 376 4052 potuit,
390 3976 465 4049 quod
480 3977 516 4032 ad
529 3974 680 4050 priuatum,
695 3977 821 4035 clamore
835 3978 1026 4036 multitudinis
1037 3980 1188 4056 imperite,
