2658 4468
155 381 198 440 94
421 374 559 426 cumo
580 372 650 425 PRO
670 374 812 425 ARCHIA
834 374 961 426 POETA.

207 516 326 594 strepitu
346 516 503 590 reficietur,
516 528 546 576 et
567 537 661 590 sures,
681 517 813 577 convicio
835 518 965 589 defesse,
979 517 1200 593 conquiescent.

207 597 258 654 An
270 607 302 653 tu
315 597 462 654 existimas
475 605 526 654 eut
538 606 689 673 suppetere
710 597 794 655 nobis
813 615 906 673 posse,
921 596 997 671 quod
1014 595 1141 672 quotidie
1156 594 1202 653 di·

208 693 319 746 camus,
342 675 373 732 in
394 674 474 732 tanti
495 676 632 733 verietate
658 693 764 746 rerum,
785 674 842 733 nisi
869 674 980 732 animos
999 684 1110 732 nostros
1130 675 1201 732 doc·

207 753 283 810 trini
304 752 485 823 excolamus;
506 763 556 810 sut
577 752 651 811 serre
674 752 784 811 animos
807 762 917 810 tantam
937 772 1020 829 posse
1039 752 1202 810 contentio·

175 842 285 902 5nem,
299 831 355 889 nisi
376 851 426 889 eos
446 831 577 889 doctrine
598 832 702 889 eidem
719 833 901 889 relaxemus?
935 831 999 908 Ego
1011 829 1080 889 vero
1094 830 1199 902 fateor,

208 928 255 967 me
277 910 322 967 his
342 910 445 967 studiis
465 929 529 968 esse
550 910 689 968 deditum
730 911 858 968 Ceteros
877 910 995 987 pudeat,
1009 910 1033 967 si
1047 910 1096 984 qui
1110 909 1152 967 ita
1165 928 1200 967 se

208 987 298 1046 literis
319 988 500 1060 abdiderunt,
514 997 547 1046 ut
566 988 639 1046 nihil
661 988 770 1065 possint
790 1008 827 1047 ex
847 989 893 1046 his
910 1007 1005 1063 neque
1019 988 1055 1047 ed
1069 1006 1201 1045 commu·

208 1085 275 1124 nem
289 1067 390 1125 efferre
404 1067 540 1138 fructum,
554 1085 647 1143 nsque
661 1067 692 1124 in
706 1067 873 1143 sdspectum
887 1066 1039 1143 lucemque
1050 1067 1198 1144 proferre:

208 1164 255 1203 me
277 1156 374 1204 sutem
391 1146 461 1221 quid
474 1147 590 1222 pudeat,
604 1146 654 1221 qui
667 1155 709 1204 tot
722 1164 813 1203 unnos
826 1145 867 1203 ita
879 1146 953 1217 viro,
964 1144 1087 1221 judices,
1103 1154 1144 1216 ut,
1160 1145 1199 1202 ab

160 1231 194 1285 10
208 1224 315 1281 nullius
336 1243 464 1298 uuquam
482 1243 530 1281 me
549 1235 675 1301 tempore
694 1233 744 1282 eut
756 1225 916 1295 commodo,
932 1236 981 1281 eut
993 1225 1084 1282 otium
1098 1241 1200 1281 meum

209 1302 387 1374 abstraxerit,
402 1311 452 1360 eut
464 1303 593 1379 voluptas
612 1303 749 1375 evocarit,
764 1312 814 1361 aut
833 1302 959 1378 denique
978 1321 1096 1362 somnus
1108 1311 1201 1361 retar-

208 1380 305 1438 diritl

246 1460 349 1521 Quare
367 1458 432 1534 quis
452 1459 569 1517 tandem
590 1478 637 1518 me
660 1461 860 1536 reprehendat,
881 1469 932 1517 sut
954 1459 1018 1535 quis
1040 1458 1112 1516 mihi
1131 1458 1199 1536 jure

208 1548 389 1609 succenseat,
403 1538 438 1609 si,
451 1548 591 1613 quantum
605 1539 726 1610 ceteris,
742 1539 778 1596 ad
798 1557 866 1596 sues
878 1558 925 1597 res
936 1539 1094 1609 obeundas,
1108 1557 1200 1613 quan·

160 1619 194 1674 15
209 1626 269 1673 tum
294 1617 331 1673 sd
353 1616 440 1675 festos
458 1617 521 1674 dies
540 1614 673 1676 ludorum
693 1617 891 1689 celebrandos,
904 1626 1044 1693 quantum
1065 1618 1103 1674 nd
1126 1617 1199 1674 alies

208 1695 374 1771 voluptates,
388 1705 417 1753 et
438 1695 474 1753 ed
494 1695 585 1772 ipsam
604 1696 733 1770 requiem
756 1694 845 1754 animi
865 1706 895 1754 et
915 1695 1050 1772 corporis,
1064 1695 1200 1753 concedi·

209 1783 255 1832 tur
269 1786 444 1849 temporum3
465 1784 604 1848 quantum
628 1773 678 1832 alii
698 1775 829 1832 tribuunt
846 1774 1022 1851 tempestivis
1041 1774 1197 1842 conviviis3

209 1861 349 1926 quantum
368 1852 493 1927 denique
514 1853 594 1924 clere,
608 1863 748 1927 quantum
766 1853 850 1930 pilae;
871 1862 982 1911 tantum
997 1851 1069 1910 mihi
1082 1861 1199 1930 egomet

211 1932 247 1988 ad
269 1931 333 1988 luec
353 1931 449 1989 studia
469 1932 624 1990 recolende
645 1933 814 2008 sumpserol
848 1933 946 2006 Atque
963 1932 1019 1989 hoc
1036 1928 1110 1991 uded
1125 1930 1198 1987 mihi

159 2010 196 2066 20
211 2009 428 2068 concedendum
451 2019 495 2068 est
517 2010 620 2087 magis,
640 2009 729 2084 qudd,
747 2030 784 2068 ex
805 2010 851 2069 his
874 2009 986 2081 studiis,
1001 2010 1064 2067 hec
1085 2027 1200 2084 quoque

210 2098 345 2147 censetur
363 2088 454 2147 oratio
474 2098 504 2146 et
523 2089 662 2158 fecultes3
683 2107 757 2163 quie,
771 2099 994 2164 quantacunque
1009 2087 1040 2145 in
1054 2107 1112 2158 me,
1125 2107 1200 2145 nun·

211 2185 298 2241 quem
312 2166 470 2224 amicorum
483 2166 620 2263 periculis
633 2166 733 2225 deluit.
774 2167 852 2231 Ques
865 2167 890 2225 si
904 2166 953 2225 cui
967 2166 1055 2224 levior
1068 2166 1199 2236 videtur3

211 2245 261 2303 illa
281 2245 398 2321 quidem
416 2255 506 2316 certe,
520 2263 583 2321 que
601 2264 715 2303 summa
731 2256 808 2317 sunt,
822 2266 858 2304 ex
876 2265 934 2321 quo
954 2246 1032 2304 fonte
1056 2245 1199 2316 hauriam,

211 2324 312 2383 sentio.
353 2323 441 2395 Nem,
455 2324 512 2383 nisi
531 2323 686 2382 multorum
702 2325 853 2401 praeceptis
868 2323 1023 2398 multisque
1042 2323 1134 2381 literis
1147 2322 1201 2379 nii·

161 2405 198 2460 25
212 2403 243 2461 hi
264 2404 301 2461 ab
323 2402 516 2461 addesoenrit
539 2402 703 2474 suasissem,
722 2402 794 2461 nihil
816 2422 879 2461 esse
899 2401 929 2460 in
946 2402 1006 2460 vitri
1027 2420 1200 2479 magnopere

211 2481 412 2558 expetendum,
439 2481 495 2539 nisi
516 2478 632 2540 laudem
656 2492 741 2556 etque
764 2483 961 2550 honestatem
990 2481 1020 2539 in
1042 2480 1079 2539 ed
1101 2491 1199 2539 eutem

211 2560 409 2636 persequendi
428 2578 529 2617 omnes
548 2560 697 2625 cruciatus,
714 2560 849 2636 corporis,
863 2559 961 2617 omnis
979 2559 1109 2635 pericula
1125 2577 1201 2617 mor·

212 2638 250 2695 tis
271 2648 357 2712 etque
376 2637 479 2709 exsilii,
493 2638 573 2714 parvi
594 2656 658 2695 esse
675 2639 826 2708 ducende3
846 2656 995 2711 nunquam
1016 2656 1072 2709 me,
1086 2657 1137 2714 pro
1156 2656 1201 2695 se·

212 2715 273 2773 lute
286 2715 389 2785 vestri,
404 2715 434 2772 in
454 2725 496 2773 tot
516 2734 551 2772 uo
568 2725 663 2774 tentas
676 2715 886 2787 dimicationes,
901 2725 986 2791 atque
1000 2716 1030 2773 in
1044 2717 1096 2774 hos
1107 2715 1201 2793 proili-

163 2799 200 2855 80
214 2803 345 2870 gstorum
375 2793 522 2850 hominum
553 2793 734 2868 quotidianos
763 2794 895 2871 impetus,
918 2794 1097 2870 objecissem.
1139 2794 1199 2851 Sed

212 2871 290 2948 pleni
309 2889 410 2928 omnes
429 2881 496 2928 sunt
515 2871 592 2942 libri,
605 2872 698 2948 plene
713 2873 886 2949 sapientium
899 2892 994 2944 voces,
1007 2873 1093 2949 plena
1106 2891 1201 2930 exem·

213 2949 325 3026 plorum
338 2959 479 3019 vetustes3
500 2968 564 3023 que
582 2949 714 3026 jecerent
731 2951 762 3008 in
775 2951 903 3009 tenebris
915 2952 1023 3023 omnia,
1036 2952 1093 3009 nisi
1105 2952 1201 3008 litere·

213 3046 278 3087 rum
300 3027 398 3085 lumen
420 3029 580 3086 accederet
619 3026 721 3090 Quem
744 3030 849 3088 multas
871 3030 955 3088 nobis
978 3030 1129 3106 imagines,
1142 3049 1201 3087 non

214 3104 306 3164 solirm
322 3106 358 3162 ad
372 3106 551 3177 intuendum,
565 3104 665 3165 verum
681 3107 769 3165 etiem
787 3109 824 3165 sd
842 3107 1023 3179 imitandum,
1038 3108 1201 3166 fortissimo·

163 3194 201 3249 35
214 3203 278 3243 rum
291 3183 416 3243 virorum
429 3204 577 3261 expressas
596 3184 749 3261 scriptores
765 3196 795 3245 et
815 3186 913 3245 Greci
926 3197 956 3244 et
969 3186 1067 3244 Latini
1081 3186 1201 3260 relique·

214 3264 297 3322 runt!
318 3283 391 3339 ques
402 3283 458 3340 ego
470 3264 542 3322 mihi
555 3283 667 3340 semper
681 3262 712 3321 in
730 3264 958 3323 administrandi
978 3264 1127 3340 republicis
1139 3283 1201 3340 pro·

213 3362 332 3419 ponens,
348 3342 476 3400 animum
489 3353 518 3400 et
531 3353 658 3402 mentem
677 3360 773 3402 mesm
791 3342 853 3421 ipse
866 3342 1041 3421 cogitatione
1054 3341 1201 3402 hominurn

214 3421 417 3480 excellentium
431 3421 653 3479 conformabem.
791 3490 793 3493 Ι

254 3499 325 3558 VII.
354 3499 477 3560 Quaeret
497 3500 649 3576 quispiam,
662 3498 768 3563 Quidl
797 3498 840 3557 illi
864 3498 918 3576 ipsi
936 3498 1040 3557 summi
1058 3497 1121 3570 viri,
1135 3517 1203 3574 quo·

163 3584 201 3639 40
215 3597 279 3637 rum
292 3578 412 3636 virtutes
433 3578 523 3637 literis
545 3579 663 3654 prodite
683 3588 760 3649 sunt,
778 3577 872 3636 istene
895 3577 1037 3648 doctrine,
1060 3596 1147 3652 quam
1169 3587 1202 3635 tu

215 3657 350 3715 leudibus
367 3657 461 3728 effers,
475 3657 580 3715 eruditi
599 3658 738 3715 luerunt!
772 3655 900 3714 Difficile
917 3665 962 3714 est
981 3656 1037 3713 hoc
1056 3657 1093 3713 de
1111 3654 1202 3714 omui·

217 3736 271 3792 bus
291 3735 479 3793 confirmare:
508 3736 559 3793 sed
579 3746 677 3794 tamen
699 3744 743 3793 est
768 3745 890 3805 certum,
913 3735 982 3809 quid
1006 3735 1200 3809 respondeam.

216 3813 282 3889 Ego
303 3813 407 3870 multos
430 3814 561 3871 homines
582 3814 734 3872 excellenti
758 3813 854 3871 animo
878 3831 913 3871 ac
927 3813 1029 3870 virtute
1051 3811 1149 3882 fuisse,
1163 3821 1202 3883 et,

216 3892 279 3951 sine
293 3891 433 3964 doctrind,
447 3902 557 3951 nature
578 3892 667 3972 ipsius
686 3892 787 3951 habitu
805 3889 893 3970 prope
913 3891 1019 3964 divino,
1033 3909 1083 3969 per
1096 3890 1204 3969 seipsos
