2658 4468
390 371 527 422 ORATIO
549 372 587 422 iii
609 373 647 422 n.
669 371 872 422 Annouiuiu.
1121 375 1180 434 lau

131 515 299 592 respublica
322 525 473 573 auctores:
504 536 558 593 ego
580 527 609 574 te
629 514 743 574 tannim
763 517 891 594 gaudere
911 516 996 586 dico;
1025 515 1129 574 secisse

133 615 194 652 non
210 615 307 671 arguo.
349 595 499 669 Respondi
514 596 646 653 maximis
666 595 855 653 criminibus:
876 616 956 654 nunc
976 595 1064 653 etiam
1085 615 1129 653 re·

132 674 223 748 liquis
237 674 470 749 respondendum
484 684 536 731 est.

175 752 243 809 XV.
279 753 384 809 Castra
397 752 469 808 mibi
484 752 623 828 Pompeii,
639 762 727 827 atque
741 753 812 810 illud
835 772 922 812 omne
941 763 1065 829 tempus,
1079 754 1129 811 ob-

130 830 237 906 jecisti
278 832 349 892 Quo
363 831 478 905 quidem
502 841 629 906 tempore
643 832 668 888 si
694 830 740 906 (ut
763 831 835 909 dixi)
858 851 954 890 meum
975 834 1128 890 consilium
1159 834 1179 888 5

135 910 349 984 auctoritasque
363 910 516 980 valuisset;
538 920 570 966 tu
584 911 670 968 bodie
684 929 803 985 egeres;
824 930 876 968 iios
886 911 970 969 liberi
980 931 1127 979 essemus;

133 989 301 1063 respublica
327 1008 384 1046 non
411 998 453 1045 tot
475 954 565 1046 diices
585 998 615 1045 et
644 989 788 1046 exercitus
819 989 968 1047 amisisset.
1023 990 1129 1048 Fateor

134 1068 225 1137 enim,
240 1086 296 1137 me,
308 1086 376 1125 cuin
390 1086 425 1124 ea
427 1086 513 1141 ‚quae
535 1067 705 1124 acciderunt
707 1067 907 1157 ,providerem
928 1069 1033 1139 futura,
1048 1070 1130 1126 tantd

134 1145 165 1202 in
180 1146 316 1202 moestitia
330 1146 417 1202 fuisse
420 1147 550 1220 ,quantit
565 1145 663 1203 caeteri
687 1146 787 1220 optimi
812 1147 899 1217 civ,es
914 1147 939 1202 si
963 1148 1041 1204 idem
1064 1167 1130 1222 pro·

133 1223 284 1293 vidissent,
316 1191 444 1281 fuissent.
486 1225 637 1295 Dolebam,
665 1224 807 1296 dolebam,
828 1224 929 1283 Patres
952 1226 1178 1301 Conscripti,10

134 1303 355 1377 rempublicam,
379 1303 480 1360 vestris
504 1304 648 1378 quondam
672 1303 802 1378 meisque
826 1304 955 1362 consiliis
978 1324 1128 1362 conserva·

134 1391 206 1451 tam,
221 1382 301 1438 brevi
323 1390 451 1455 tempore
474 1401 538 1439 esse
559 1382 724 1457 perituram.
765 1381 871 1457 Neque
885 1382 953 1440 verb
967 1402 1047 1440 eram
1068 1394 1128 1440 tam

134 1459 270 1516 indoctus
283 1460 458 1536 ignarusque
472 1479 579 1531 rerum,
603 1471 635 1518 ut
658 1461 807 1537 frangerer
821 1462 917 1519 animo
935 1462 1128 1537 propter·vitae

134 1538 335 1614 cupiditatem,
350 1557 413 1612 quae
427 1558 474 1596 me
488 1558 608 1597 manens
632 1539 787 1596 conficeret
811 1541 975 1616 angoribus,
1000 1541 1128 1611 dimissa,

133 1617 273 1674 molestiis
286 1617 419 1674 omnibus
432 1617 575 1675 liberaret.
618 1617 686 1675 Illos
705 1637 760 1694 ego
781 1619 1030 1694 praestantissiiiios
1043 1620 1128 1691 viros,
1144 1624 1179 1678 15

132 1696 246 1753 lumina
259 1696 434 1771 reipublicae,
449 1697 544 1753 vivere
558 1697 698 1767 volebam,
713 1706 754 1753 tot
777 1698 952 1768 consulares,
966 1708 1008 1756 tot
1027 1709 1130 1773 praeto·

133 1775 202 1844 rios,
234 1785 275 1832 tot
302 1775 516 1832 honestissimos
536 1785 692 1846 senatores,
716 1794 832 1834 omnem
861 1787 1001 1851 praeterea
1028 1776 1128 1834 florem

134 1853 293 1910 nobilitatis
315 1872 349 1910 ac
369 1853 537 1928 juventutis,
561 1864 623 1910 turn
643 1855 815 1929 optimorum
836 1855 943 1912 civium
964 1856 1127 1913 exercitus:

133 1932 184 2006 qui
200 1932 223 1988 si
238 1932 374 2002 virerent,
389 1933 519 2006 quamvis
533 1932 632 2008 iniqua
652 1933 817 1991 conditione
836 1934 927 2008 pacis,
944 1932 1029 2008 (milii
1049 1934 1128 1991 enim

132 2011 229 2068 omnis
241 2029 297 2085 pax
311 2029 378 2067 cum
393 2011 505 2068 civibus
518 2012 593 2069 bello
607 2012 685 2069 civili
706 2012 802 2070 utilior
816 2012 980 2102 videbatur)
995 2013 1128 2088 rempub-
1141 2011 1179 2066 20

133 2089 224 2146 licam
238 2089 323 2147 hodie
337 2099 508 2147 teneremus.
549 2089 626 2151 Quas
650 2091 794 2148 sententia
807 2110 832 2147 si
824 2091 992 2161 valuisset,
1014 2109 1049 2148 ac
1069 2110 1128 2148 non

134 2168 155 2225 ii
171 2166 295 2225 maxime
310 2169 379 2225 mibi
382 2187 573 2245 ,quorum
538 2188 592 2226 eoo
615 2169 680 2226 vitai
703 2170 899 2241 consulebam,
924 2188 974 2244 spe
999 2169 1126 2226 victorias

133 2246 214 2316 elati,
228 2214 418 2316 obstitissedt3
441 2257 472 2304 ut
486 2248 543 2304 alia
555 2247 696 2318 omittam,
710 2257 741 2305 tu
756 2247 837 2305 certe
862 2266 1012 2321 nunquam
1026 2247 1056 2304 in
1071 2249 1127 2304 hoc

132 2326 245 2397 ordine,
260 2326 303 2383 rel
318 2326 412 2402 potitis
426 2326 456 2383 iri
471 2328 527 2384 bac
540 2327 621 2398 urbe,
637 2325 800 2383 mansisses.

176 2405 218 2461 At
231 2403 299 2462 verd
314 2405 368 2462 Cn
384 2405 513 2480 Pompeii
536 2405 743 2462 voluntatema
766 2420 813 2461 me
836 2403 1019 2460 abalienabat
1037 2401 1129 2461 oratio
1140 2410 1177 2466 25

133 2501 208 2540 mea.
252 2484 300 2540 An
314 2484 363 2542 ille
378 2501 542 2558 quenquam
565 2481 631 2558 plus
654 2482 777 2540 dilexitl
798 2501 866 2539 cum
887 2482 945 2539 ullo
960 2492 1009 2538 aut
1023 2501 1129 2539 sermo·

134 2581 188 2619 nes
203 2572 252 2619 aut
266 2562 387 2620 consilia
401 2562 522 2620 contulit
536 2556 663 2636 sapiusl
684 2561 760 2635 quod
774 2561 890 2637 quidem
904 2570 966 2618 erat
980 2578 1127 2637 magnum,

133 2641 170 2698 de
185 2641 297 2697 summit
311 2660 342 2698 rc
356 2641 568 2710 dissentientes,
583 2640 612 2697 iu
627 2641 731 2698 eadem
754 2641 964 2698 consuetudine
990 2639 1127 2697 amicitiai

133 2737 313 2809 permanere.
355 2720 414 2776 Sed
429 2735 457 2777 ei
471 2739 534 2796 ego,
550 2718 618 2793 quid
633 2719 691 2790 ille,
706 2729 735 2776 et
754 2717 855 2777 contra
875 2719 933 2790 ille,
949 2719 1018 2794 quid
1031 2738 1086 2808 egp
1099 2730 1128 2776 et

133 2798 272 2856 sentirem
295 2807 324 2855 et
351 2808 522 2873 spectarem,
546 2797 669 2855 videbat.
711 2798 775 2875 Ego
802 2765 992 2857 incolumitati
1020 2798 1177 2857 civiumffl

132 2875 268 2953 primdm,
296 2886 325 2933 et
346 2887 446 2952 postea
469 2875 620 2952 dignitati,
643 2877 691 2933 ille
718 2886 854 2953 proesenti
876 2877 1010 2954 dignitati
1031 2876 1127 2952 potius

132 2897 310 3013 consulebat.
350 2954 443 3016 Quod
457 2965 553 3013 autem
568 2956 692 3012 habebat
705 2967 826 3031 uterque
849 2958 925 3031 quod
948 2967 1126 3031 sequeretur,

133 3034 245 3092 idcirco
271 3033 445 3091 tolerabilior
471 3044 534 3091 erat
560 3043 656 3091 nostra
682 3035 830 3093 dissensio.
884 3035 968 3096 Quid
988 3034 1056 3092 verb
1078 3035 1127 3092 ille

133 3112 288 3189 singularis
302 3112 354 3183 vir,
376 3131 411 3168 ac
433 3110 508 3186 pene
531 3112 654 3183 divinus,
669 3112 705 3170 de
729 3132 776 3170 me
800 3114 932 3183 senserit,
956 3113 1061 3183 sciunt,
1076 3113 1126 3186 qui

132 3210 200 3249 eum
216 3193 252 3248 de
267 3190 433 3248 Pharsalici
448 3191 517 3267 sugit
538 3191 669 3266 Paphum
688 3191 834 3266 prosecuti
850 3201 924 3248 sunt.
966 3190 1125 3263 Nunquam
1138 3190 1174 3244 35

133 3271 170 3326 ab
184 3290 219 3327 eo
232 3269 341 3327 mentio
364 3270 400 3326 de
422 3288 478 3340 me,
503 3269 559 3327 nisi
584 3270 750 3340 honorifica,
774 3269 830 3327 nisi
850 3270 935 3344 plena
957 3268 1126 3325 amicissimi

132 3348 287 3418 desiderii;
308 3347 377 3405 cdm
390 3348 556 3406 meridiane
580 3348 645 3423 plus
669 3348 815 3418 fateretur,
831 3366 863 3404 se
887 3347 1045 3423 speravisse
1065 3364 1127 3403 me·

131 3427 212 3485 liora.
254 3428 293 3485 Et
317 3427 379 3503 ejus
402 3427 455 3485 viri
480 3427 596 3485 nomine
619 3444 666 3484 me
690 3425 827 3484 insectari
851 3427 950 3496 audes,
975 3423 1058 3499 cujus
1078 3443 1126 3481 me

132 3506 270 3578 amicum,
285 3516 314 3564 te
328 3516 479 3577 sectorem,
494 3525 557 3563 esse
572 3505 703 3563 latenrel

172 3585 257 3643 XVI.
280 3586 339 3643 Sed
352 3585 501 3643 omittatur
514 3584 622 3642 bellum
646 3583 727 3654 illud,
742 3582 772 3640 in
796 3602 853 3658 quo
864 3591 897 3641 tu
920 3579 1043 3640 nimium
1057 3581 1125 3641 felix
1138 3590 1173 3646 40

131 3664 219 3723 misti.
261 3664 310 3722 Ne
333 3663 407 3740 jocis
431 3664 548 3739 quidem
572 3662 759 3737 respondebo,
783 3662 887 3737 quibus
910 3681 957 3719 me
978 3660 1008 3719 in
1023 3661 1125 3720 castris
1167 3691 1171 3699 ·

131 3762 216 3800 usum
239 3762 303 3801 esse
326 3742 431 3800 dixisti.
473 3742 565 3800 Erant
589 3741 639 3798 illa
662 3741 779 3815 quidem
802 3751 897 3800 castra
919 3741 1007 3817 plena
1026 3761 1123 3799 cure:

131 3832 319 3880 veruntamen
334 3821 473 3893 homines,
488 3820 619 3896 quamvis
642 3819 673 3878 iii
687 3821 809 3879 turbidis
832 3823 918 3880 rebus
932 3821 999 3892 siut,
1013 3829 1122 3887 tamen,
