2702 4464
397 314 532 364 ORATIO
554 314 624 364 PRO
645 314 684 363 Μ.
705 314 914 365 MARCELLO.
1163 315 1204 373 65

166 458 274 529 dicam,
283 476 341 514 non
351 457 473 533 'perinde
488 457 609 535 intelligi
624 457 722 515 auditu
737 457 835 533 possit,
847 466 931 552 atque
945 456 1006 532 ipse
1021 457 1152 533 cogitans

167 536 269 593 sentio.
310 535 407 611 Ipsam
429 536 578 594 victoriam
597 537 701 593 vicisse
721 536 836 606 videris,
864 555 932 592 cum
953 555 998 605 ea,
1018 555 1082 611 quae
1104 536 1153 593 illa

167 629 229 670 erat
243 616 355 689 adepta,
369 614 453 671 victis
467 615 609 672 remisisti.
652 614 739 686 Nam,
755 612 823 671 cirm
837 614 927 688 ipsius
941 615 1067 670 victoriae
1082 633 1152 671 con-

168 693 276 750 ditione
287 693 351 769 jure
365 711 466 750 omnes
477 694 546 750 victi
560 693 778 762 occidissemus,
798 692 959 750 clementias
973 701 1029 749 tuae
1040 692 1152 768 judicio

168 770 328 827 conservati
342 791 449 828 sumus.
491 770 587 829 Recte
598 771 684 848 igitur
695 791 770 828 unus
779 771 905 828 invictus
914 789 956 841 es,
969 789 1050 846 aquo
1064 771 1151 828 etiam
1182 773 1201 827 5

168 848 257 925 ipsius
271 849 397 907 victoriae
412 851 540 907 conditio
553 851 651 925 visque
665 850 780 907 devicta
792 859 844 906 est

207 927 243 984 V.
265 928 362 1002 Atque
390 930 446 985 hoc
475 929 509 985 C.
532 929 657 986 Caesaris
681 928 834 1003 judicium,
854 927 955 984 Patres
976 926 1151 1004 Conscripti,

167 1025 253 1079 quam
273 1005 331 1062 late
352 1016 459 1081 pateat,
475 1007 633 1064 attendite:
654 1025 755 1063 omnes
775 1006 863 1076 enim,
877 1006 926 1081 qui
947 1006 982 1062 ad
1003 1005 1052 1062 illa
1073 1025 1153 1064 arma

169 1085 227 1141 sato
247 1103 346 1141 sumus
366 1085 542 1160 nescioquo
562 1085 728 1160 reipublicae
756 1085 859 1140 misero
880 1084 1049 1159 funestoque
1076 1103 1153 1141 com·

168 1162 253 1238 pulsi,
275 1162 328 1219 etsi
350 1163 443 1238 aliqud
472 1165 558 1238 culpa
578 1173 710 1220 tenemur
730 1163 833 1219 erroris
854 1162 982 1232 humani,
1007 1181 1024 1218 a
1044 1161 1202 1220 scelere10

169 1239 247 1297 certe
269 1241 383 1298 liberati
407 1261 514 1299 sumus,
555 1242 643 1311 Nam,
659 1238 725 1299 cirm
741 1241 783 1298 M.
799 1240 981 1310 Marcellum,
995 1241 1153 1316 deprecan-

168 1319 245 1376 tibus
259 1320 348 1390 vobis,
362 1320 529 1395 reipublice:¹
550 1320 747 1388 conservavit3
769 1329 876 1376 memet
900 1319 980 1388 mihi,
995 1329 1024 1375 et
1048 1320 1151 1375 iterum

168 1398 345 1472 reipublice,
371 1399 450 1456 nullo
470 1399 654 1473 deprecante,
675 1399 799 1473 reliquos
821 1398 1009 1473 amplissimos
1029 1397 1103 1454 viros
1122 1408 1152 1454 et

168 1477 222 1533 sibi
237 1477 306 1552 ipsis
319 1488 348 1534 et
361 1477 471 1552 patriae,
486 1478 628 1534 reddidit:
649 1497 769 1552 quorum
783 1486 811 1533 et
834 1476 1020 1551 frequentiam
1041 1486 1071 1532 et
1091 1476 1152 1551 dig·

169 1555 288 1611 nitatem
303 1556 358 1613 hoc
374 1556 478 1630 ipsein
493 1575 629 1613 consessu
644 1555 756 1612 videtis.
796 1554 865 1611 Non
875 1555 921 1610 ille
933 1555 1029 1611 hostes
1040 1554 1152 1611 induxit
1167 1556 1201 1609 15

169 1632 197 1689 in
213 1634 343 1702 curiam3
365 1634 416 1690 sed
434 1633 585 1708 judicavit,
600 1653 617 1691 a
636 1634 790 1710 plerisque,
804 1633 983 1708 ignoratione
1003 1630 1108 1707 potiris,
1123 1643 1153 1689 et

169 1711 239 1769 falso
254 1722 337 1787 atque
352 1712 432 1769 inani
448 1711 807 1787 metu‚qutmeupid1tare
823 1722 871 1768 aut
892 1711 1072 1787 crudelitate,
1095 1710 1153 1766 bel·

169 1790 229 1846 lum
243 1810 306 1847 esse
321 1800 496 1866 susceptum.
537 1792 608 1852 Quo
621 1791 736 1866 quidem
752 1791 781 1846 in
796 1790 871 1847 bello
890 1809 1002 1864 semper
1023 1790 1058 1844 de
1078 1807 1152 1865 pace

170 1869 345 1925 audiendum
359 1869 476 1944 putavi3
498 1889 666 1945 semperque
687 1870 775 1939 dolui,
790 1888 847 1925 non
869 1867 954 1925 modo
968 1886 1080 1943 pacem,
1102 1867 1153 1923 sed

170 1946 326 2003 orationem
360 1947 448 2004 etiarn
481 1948 598 2019 civium,
632 1966 732 2022 pacem
765 1947 965 2023 flagitantium,
1000 1946 1151 2021 repudiari.
1167 1954 1202 2009 20

170 2023 273 2098 Neque
287 2025 364 2081 enim
378 2045 432 2101 ego
453 2026 511 2097 illa,
526 2046 582 2084 nec
606 2027 665 2083 ulla
686 2046 822 2101 unquam,
847 2038 964 2083 secutus
989 2044 1051 2082 sum
1074 2044 1154 2081 arma

172 2103 285 2172 civilia3
307 2123 474 2179 semperque
499 2124 563 2162 mea
585 2105 707 2163 consilia
727 2106 809 2179 pacis
834 2114 863 2161 et
882 2114 956 2179 togae
984 2103 1073 2173 socia,
1094 2122 1151 2159 non

171 2181 238 2237 belli
254 2194 337 2256 atque
352 2201 504 2252 armorum,
519 2183 642 2241 fuerunt.
685 2184 842 2242 Hominem
856 2202 919 2239 sum
933 2192 1050 2239 secutus
1063 2182 1155 2256 priva·

171 2269 201 2316 to
220 2260 324 2330 officio,
349 2280 407 2317 non
428 2262 560 2337 publico:
592 2273 759 2338 tantumque
786 2262 861 2338 apud
888 2280 935 2317 me
962 2260 1037 2336 grati
1065 2259 1154 2316 animi

171 2337 265 2394 fidelis
279 2339 417 2395 memoria
430 2340 528 2410 valuit,
541 2351 573 2397 ut
587 2342 676 2411 nulla,
691 2361 748 2399 non
769 2338 854 2398 modi)
870 2339 1038 2414 cupiditate,
1052 2338 1102 2393 sed
1117 2357 1153 2393 ne
1167 2345 1204 2400 25

171 2436 222 2491 spe
243 2417 369 2490 quidem,
383 2418 508 2491 prudens
531 2429 560 2475 et
580 2421 685 2491 sciens,
707 2431 843 2495 tanquam
866 2418 901 2473 ad
925 2416 1072 2474 interitum
1092 2435 1156 2473 rue·

171 2512 233 2552 rem
248 2495 447 2552 voluntarium.

210 2572 300 2634 Quod
327 2574 444 2648 quidem
470 2595 564 2633 meum
593 2577 744 2634 consilium
773 2572 892 2632 minime
913 2574 1068 2632 obscurum
1090 2571 1153 2629 luit.

172 2650 249 2708 Nam
263 2662 293 2708 et
307 2652 336 2708 iu
351 2653 406 2709 hoc
420 2653 530 2725 ordine,
546 2656 658 2732 integra
679 2675 720 2725 re,
735 2656 824 2712 multa
844 2655 880 2711 de
893 2672 966 2729 pace
981 2652 1039 2709 dixi
1053 2671 1069 2731 :¹
1081 2663 1110 2709 et
1124 2651 1152 2707 in

172 2729 233 2805 ipso
247 2730 322 2787 bello
336 2732 447 2802 eadem,
462 2735 547 2790 etiam
563 2754 630 2791 cum
645 2735 747 2809 capitis
761 2733 817 2790 mei
829 2733 966 2808 periculo,
981 2730 1067 2788 sensi.
1109 2730 1155 2786 Ex
1168 2737 1204 2791 30

171 2828 227 2883 quo
238 2808 296 2885 jam
311 2829 397 2866 nerno
410 2811 465 2867 erit
479 2823 536 2868 tam
552 2812 675 2888 injustus
688 2832 782 2870 rerum
806 2811 1018 2890 [existimat0r,]
1034 2810 1082 2885 qui
1103 2810 1156 2866 du-

171 2887 251 2957 bitet,
265 2908 328 2963 quae
343 2889 468 2947 Caesaris
482 2891 613 2948 voluntas
634 2892 670 2948 de
695 2892 769 2949 bello
790 2892 884 2960 suerit,
900 2887 967 2947 crim
985 2889 1066 2963 pacis
1088 2907 1156 2945 auc·

170 2975 246 3023 tores
270 2969 483 3024 conservandos
505 2970 601 3026 statim
626 2971 781 3040 censuerit,
805 2968 916 3026 caeteris
940 2968 1025 3024 fuerit
1046 2967 1153 3023 iratior.

171 3044 267 3119 Atque
276 3045 305 3101 id
317 3042 414 3102 mimis
426 3047 528 3103 mirum
542 3048 743 3120 sortasse'tum,
753 3046 820 3105 ciam
831 3056 907 3103 esset
916 3046 1042 3102 incertus
1050 3045 1153 3114 exitus,

170 3132 200 3179 et
209 3142 316 3198 anceps
327 3124 440 3181 fortuna
457 3126 524 3183 belli
535 3145 541 3183 :
555 3127 604 3202 qui
619 3127 696 3198 veri),
706 3129 804 3195 victor,
815 3125 897 3200 pacis
908 3134 1040 3181 auctores
1051 3123 1153 3197 diligit,
1168 3132 1204 3185 35

171 3201 196 3258 is
206 3200 334 3276 prolectd
346 3203 485 3274 declarat,
495 3224 525 3261 se
537 3207 672 3263 maluisse
684 3226 740 3263 non
750 3205 899 3274 dimicare,
909 3201 994 3277 quam
1009 3202 1133 3257 vincere.

211 3279 264 3336 VI.
299 3281 395 3356 Atque
421 3281 507 3357 hujus
530 3285 645 3358 quidem
672 3285 714 3342 rei
742 3284 783 3340 M.
807 3282 948 3339 Marcello
974 3299 1037 3337 sum
1065 3279 1154 3335 testis.

171 3357 271 3415 Nostri
285 3359 367 3417 enim
387 3379 499 3433 sensus,
514 3371 546 3419 ut
570 3362 599 3419 in
620 3383 694 3439 pace
716 3382 838 3437 semper,
861 3361 904 3417 sic
926 3370 986 3416 tum
1012 3358 1100 3414 etiam
1124 3356 1154 3412 in

172 3436 247 3494 bello
261 3439 467 3513 congruebant.
508 3440 633 3502 Quoties
646 3461 701 3518 ego
714 3461 790 3511 eum,
805 3450 834 3497 et
846 3448 953 3514 quanto
967 3455 1033 3494 cum
1048 3435 1154 3505 dolore,

172 3515 323 3584 vidi,ci1m
340 3516 521 3574 insolentiam
547 3531 690 3577 certorum
711 3521 869 3587 hominum,
883 3529 944 3574 tum
965 3515 1051 3572 etiam
1067 3514 1155 3589 ipsius
1169 3511 1205 3564 40

171 3594 299 3650 victoriae
314 3594 502 3666 ferocitatem,
516 3600 773 3657 extimescentem!
813 3595 885 3659 Qud
900 3594 1007 3671 gratior
1020 3604 1070 3650 tua
1083 3593 1155 3649 libe·

171 3673 279 3743 ralitas,
294 3672 328 3730 C.
345 3674 452 3746 Caesar,
466 3675 559 3746 nobis,
573 3678 622 3752 qui
645 3679 693 3735 illa
707 3677 839 3746 vidimus,
864 3675 950 3732 debet
973 3692 1045 3731 esse.
1086 3671 1155 3729 Non

171 3752 250 3808 enim
272 3751 331 3825 jam
352 3772 448 3810 causae
470 3766 537 3812 sunt
561 3756 635 3814 inter
656 3777 698 3828 se,
713 3758 763 3814 sed
785 3755 921 3824 victoriae,
944 3752 1154 3828 comparandae.

172 3830 307 3888 Vidimus
320 3841 399 3888 tuam
409 3833 563 3967 gigtoriam
577 3836 740 3912 proeliorum
752 3835 830 3894 exitu
843 3834 1025 3893 terminatam
1039 3850 1045 3888 :
1066 3828 1157 3907 gladi·
