2658 4468
164 371 225 431 156
451 371 588 423 onemo
609 371 649 423 ll(
667 372 706 423 ll.
722 370 925 425 tammum.

252 511 282 571 Ο
315 514 464 573 reclusam
485 514 563 574 illam
583 516 830 592 percursationem
843 526 923 575 tuam
937 534 1037 574 mense
1058 514 1154 594 Aprili
1169 526 1212 576 at·
1308 544 1309 583 ι

212 613 269 668 que
331 594 386 665 aio,
413 604 486 664 tum,
513 592 582 653 obm
619 595 708 654 etiam
729 596 862 672 Capuam
886 596 1030 654 coloniam
1061 596 1210 654 deducere

214 683 336 730 conatus
355 673 404 729 es!
445 671 703 735 Quemadmodum
724 674 806 732 illino
827 673 942 746 abieris,
956 674 1001 731 vel
1015 672 1112 750 potiris
1130 674 1209 751 pond

213 769 271 809 non
287 750 401 821 abieris,
415 750 532 809 scimus.
573 753 631 810 Cui
645 764 676 809 tu
691 753 756 810 urbi
771 752 921 810 miniteris.
955 752 1075 811 Utinam
1088 770 1208 825 conere,

179 831 198 885 5
212 829 413 904 utaliquando
431 830 502 887 illud
516 838 535 864 “
546 830 646 888 Pend”
661 831 777 889 tollatur
789 832 796 889 l

252 907 295 966 At
307 906 394 984 quim
409 909 561 966 nobilitata
580 920 625 967 eat
636 921 688 968 taa
711 910 761 967 illa
774 908 972 986 pereginatio!
1013 907 1096 971 Quid
1121 928 1209 985 pran-
1308 966 1309 971 ,

212 985 325 1044 diorum
347 997 510 1063 apparatus,
531 988 601 1062 quid
626 989 763 1046 furiosam
788 988 977 1045 vinolentiam
1000 998 1092 1059 tuam,
1113 989 1208 1063 prole·

212 1067 297 1123 raml
338 1065 407 1124 Tua
422 1067 476 1124 ista
490 1068 662 1125 detrimenta
675 1078 761 1130 suut:
783 1066 833 1124 illa
846 1077 952 1125 nostra.
994 1067 1108 1143 Agrum
1121 1066 1208 1124 Cam·

211 1163 330 1219 panum,
353 1143 415 1220 (qui
437 1143 506 1203 crim
526 1146 563 1203 de
583 1145 774 1222 vectigalibus
801 1145 992 1216 eximebatur,
1013 1155 1045 1202 ut
1067 1145 1207 1203 militibus

163 1222 198 1277 10
212 1222 339 1292 daretur,
353 1236 450 1281 tamen
466 1222 558 1299 infligi
569 1242 706 1300 magnum
720 1224 887 1300 reipublice
901 1224 1005 1282 vulnus
1018 1225 1205 1303 putabamus)

212 1302 291 1359 huuc
305 1310 336 1357 tu
351 1302 602 1377 compransoribus
614 1303 672 1360 tuis
692 1312 723 1360 et
742 1301 931 1362 collusoribus
951 1303 1109 1361 dividebas.
1152 1302 1208 1360 Mi·
1309 1370 1310 1375 ἵ

212 1398 275 1437 mos
288 1380 356 1439 dico
368 1390 399 1437 et
411 1380 525 1450 mimas,
540 1380 641 1438 Patres
655 1380 831 1457 conscripti,
846 1380 877 1438 in
892 1399 961 1457 agro
975 1380 1128 1456 Campano
1150 1381 1208 1439 ool·

211 1457 330 1516 locatos.
371 1457 454 1519 Quid
479 1457 539 1534 jam
566 1478 670 1534 querar
696 1460 733 1516 de
754 1478 824 1535 agro
844 1459 1008 1518 Leontiuol
1029 1460 1208 1535 quandoqui-

212 1536 279 1594 dem
295 1537 339 1594 he
359 1537 504 1612 quondam
526 1538 670 1596 arationes
690 1538 834 1614 Campani
854 1547 884 1595 et
904 1537 1041 1596 Leontini
1065 1539 1095 1595 iu
1109 1539 1207 1614 populi

163 1610 198 1665 15
212 1615 341 1673 Romani
360 1617 532 1691 patrimonio
548 1614 665 1694 [mandi
679 1618 804 1698 faenore]
818 1627 848 1674 et
864 1616 1017 1675 fructuose
1032 1617 1206 1675 serebantur.

211 1692 332 1752 Medico
346 1695 401 1752 tria
414 1696 505 1752 millia
521 1696 667 1772 jugerum,
681 1697 763 1772 quasi
777 1707 806 1754 te
819 1715 922 1754 sanum
937 1696 1055 1753 lecisset
1063 1716 1071 1766 ;
1101 1695 1208 1754 rhetori

211 1772 280 1844 duo,
294 1773 376 1848 quasi
396 1773 536 1833 disertum
557 1774 653 1833 facere
672 1776 822 1852 potuisset
865 1775 925 1833 Sed
946 1775 983 1832 ad
1005 1774 1060 1832 iter
1081 1774 1209 1833 Italiam·

211 1870 268 1926 que
282 1852 445 1910 redeamus.

251 1929 317 1988 XL.
359 1930 513 1989 Deduxisti
534 1930 679 1990 coloniam
693 1931 867 2001 Casilinum,
881 1929 939 2007 qud
953 1931 1053 1989 Caesar
1075 1931 1144 1989 ante
1159 1932 1207 1990 de·

160 2010 197 2067 w
211 2008 341 2067 duxerat.
383 2009 564 2068 Consuluisti
591 2029 637 2068 me
657 2012 709 2086 p'er
729 2011 827 2069 literas
847 2011 884 2068 de
904 2006 1008 2087 Capud
1028 2020 1060 2068 tu
1080 2012 1207 2087 quidem,

212 2084 278 2164 (sed
299 2087 377 2146 idem
402 2088 439 2145 de
460 2089 591 2147 Casilino
610 2089 838 2167 respondissem)
859 2107 1007 2165 possesne,
1022 2089 1073 2146 ubi
1094 2090 1209 2148 colonia

210 2177 298 2238 esset,
318 2165 355 2226 eb
376 2167 519 2226 coloniam
541 2187 645 2226 novam
663 2167 728 2243 jure
748 2169 903 2227 deducere.
944 2167 1069 2245 Negavi,
1092 2169 1122 2225 in
1143 2187 1208 2226 earn

211 2246 366 2317 coloniam,
380 2265 443 2322 quae
457 2258 534 2305 esset
548 2246 697 2323 auspicato
712 2247 849 2318 deducta,
864 2248 933 2304 dum
947 2257 1025 2304 esset
1039 2247 1206 2320 incolumis,
1244 2322 1245 2325 Ἴ

213 2325 357 2384 coloniam
378 2343 481 2383 novam
500 2325 564 2401 jure
585 2327 708 2384 deduci:
730 2326 848 2384 colonos
867 2344 956 2384 novos
976 2325 1103 2383 adscribi
1124 2342 1208 2402 posse

159 2401 197 2459 at
213 2403 357 2480 rescripsi.
412 2403 462 2462 Tu
483 2415 590 2476 autem,
612 2404 765 2463 insolentia
785 2405 888 2476 elatus,
909 2405 989 2463 omui
1011 2405 1207 2481 auspiciorum

210 2480 275 2557 jure
296 2483 420 2552 turbato,
434 2483 595 2541 Casilinum
617 2484 761 2542 coloniam
782 2483 937 2555 deduxisti,
952 2481 1009 2559 qub
1023 2496 1086 2543 erat
1105 2484 1208 2560 paucis

214 2561 299 2618 annis
313 2559 381 2619 aute
396 2561 532 2633 deducta,
547 2573 579 2620 ut
592 2563 727 2620 vexillum
748 2563 873 2634 tolleres,
887 2573 916 2620 et
935 2573 1060 2620 aratrum
1082 2563 1207 2620 eircum-

213 2638 354 2697 duceres:
382 2639 466 2715 cujus
492 2642 607 2715 quidem
630 2659 743 2698 vomere
765 2654 876 2717 portam
902 2641 1012 2717 Capuae
1037 2640 1115 2716 pene
1144 2660 1207 2716 per-

213 2717 364 2789 strinxisti,
378 2727 410 2774 ut
424 2717 552 2777 florentis
565 2720 686 2777 colonia
700 2720 873 2777 territorium
888 2719 1074 2777 minueretur.

158 2790 197 2847 U
253 2796 302 2852 Ab
316 2797 372 2853 hac
386 2796 557 2873 religionum
578 2797 804 2873 perturbatione,
819 2798 934 2856 advolas
947 2797 978 2855 in
999 2797 1041 2854 M.
1057 2797 1206 2868 Varronis,

212 2874 389 2932 sanctissimi
404 2884 488 2951 atque
503 2875 681 2952 integerrimi
695 2877 758 2948 viri,
768 2876 888 2934 fundum
900 2876 1094 2934 Cassinatem.
1135 2875 1207 2937 Quo

210 2952 296 3028 jurel
316 2972 373 3028 quo
392 2954 463 3010 orel
503 2953 626 3025 Eodem,
648 2955 771 3030 inquies,
786 2975 843 3031 quo
864 2955 894 3012 io
916 2955 1064 3012 haeredum
1089 2955 1123 3013 L.
1145 2954 1208 3012 Ru·

213 3030 278 3102 brii,
291 3051 349 3107 quo
363 3032 392 3089 in
407 3033 552 3090 haeredum
568 3033 601 3091 L.
617 3033 746 3092 Turselii
765 3034 884 3109 predia,
898 3051 955 3109 quo
969 3033 999 3089 in
1019 3033 1146 3109 reliquas
1166 3034 1208 3090 in·

212 3110 408 3168 numerabiles
433 3113 639 3187 possessiones.
681 3112 720 3170 Et
746 3113 771 3170 si
799 3113 835 3170 ab
863 3113 955 3183 hasti,
983 3112 1078 3168 valeat
1105 3113 1206 3182 hasta;

159 3179 200 3236 ⁸⁵
212 3189 328 3247 valeant
355 3189 471 3261 tabulae,
492 3189 578 3249 modo
600 3191 735 3261 Caesaris,
756 3210 815 3249 non
835 3200 892 3248 tuae
903 3210 910 3261 ;
945 3190 1050 3266 quibus
1070 3191 1205 3262 debuisti,

212 3287 271 3326 nou
293 3267 398 3344 quibus
417 3279 449 3326 tu
470 3280 498 3328 te
519 3269 684 3327 liberavisti.
726 3270 866 3327 Varronis
886 3270 1002 3345 quidem
1024 3270 1206 3327 Cassinetem

213 3347 334 3406 fundum
355 3348 419 3424 quis
440 3349 564 3407 veniisse
584 3349 678 3406 dicitl
712 3348 776 3423 quis
797 3348 909 3405 hastam
930 3349 1013 3407 istius
1033 3349 1207 3406 venditionis

213 3428 304 3485 viditl
323 3429 388 3503 quis
402 3447 502 3486 vocem
517 3429 658 3504 preconis
672 3427 804 3485 audivitl
847 3425 964 3486 Misisse
981 3438 1011 3484 te
1030 3427 1106 3483 diois
1120 3428 1207 3483 Alex·

213 3507 356 3578 andriam,
383 3507 433 3582 qni
459 3518 569 3565 emeret
595 3527 613 3564 a
638 3507 764 3564 Caesere.
806 3505 908 3582 Ipsum
933 3506 1011 3563 enirn
1038 3515 1207 3581 exspectare

159 3571 195 3627 ⁴⁰
213 3603 352 3661 magnum
374 3587 435 3644 soit.
476 3586 555 3648 Quis
582 3584 649 3643 verb
677 3586 787 3643 audivit
807 3600 945 3663 unquam,
968 3585 1090 3662 (nullius
1110 3594 1207 3642 autem

212 3664 291 3720 salus
312 3683 390 3722 curae
410 3665 541 3740 pluribus
568 3665 636 3743 fuit)
657 3665 693 3721 de
714 3663 838 3722 fortunis
864 3664 1004 3723 Varronis
1029 3683 1092 3721 rem
1118 3664 1206 3721 ullam

212 3752 277 3799 esso
291 3742 471 3801 detractaml
511 3741 603 3805 Quod
618 3744 642 3800 si
655 3743 744 3800 etiarn
759 3743 873 3819 scripsit
888 3745 923 3800 ad
937 3753 966 3799 te
977 3743 1087 3809 Caesar,
1099 3751 1132 3798 ut
1144 3742 1208 3797 red·

213 3821 315 3890 deres3
337 3821 405 3896 quid
420 3823 490 3879 satis
503 3832 597 3897 potest
610 3822 669 3879 dici
683 3821 720 3878 de
737 3823 819 3879 tanti
833 3821 1033 3897 impedentidl
1075 3819 1206 3876 Remove

212 3899 326 3974 gladios
338 3917 491 3974 parumper
506 3899 578 3968 illos,
598 3900 831 3973 quosvidernus:
851 3899 911 3976 jam
939 3898 1094 3975 intelliges,
1121 3896 1206 3953 aliam
