<?xml version="1.0" encoding="UTF-8"?>
<!DOCTYPE html PUBLIC "-//W3C//DTD XHTML 1.0 Transitional//EN"
    "http://www.w3.org/TR/xhtml1/DTD/xhtml1-transitional.dtd">
<html xmlns="http://www.w3.org/1999/xhtml" xml:lang="en" lang="en">
 <head>
  <title>
</title>
<meta http-equiv="Content-Type" content="text/html;charset=utf-8" />
  <meta name='ocr-system' content='tesseract 3.04.00' />
  <meta name='ocr-capabilities' content='ocr_page ocr_carea ocr_par ocr_line ocrx_word'/>
</head>
<body>
  <div class='ocr_page' id='page_1' title='image "./orationesqudams01cicegoog/orationesqudams01cicegoog_0055.png"; bbox 0 0 2702 4464; ppageno 0'>
   <div class='ocr_carea' id='block_1_1' title="bbox 157 336 973 425">
    <p class='ocr_par' dir='ltr' id='par_1_1' title="bbox 157 336 973 425">
     <span class='ocr_line' id='line_1_1' title="bbox 157 336 973 425; baseline -0.004 -16"><span class='ocrx_word' id='word_1_1' title='bbox 157 360 198 425; x_wconf 74' lang='lat'>52</span> <span class='ocrx_word' id='word_1_2' title='bbox 435 357 572 410; x_wconf 70' lang='lat' dir='ltr'>casnm</span> <span class='ocrx_word' id='word_1_3' title='bbox 594 358 665 409; x_wconf 82' lang='lat' dir='ltr'>rao</span> <span class='ocrx_word' id='word_1_4' title='bbox 686 336 784 409; x_wconf 81' lang='lat' dir='ltr'>nsc&#39;s</span> <span class='ocrx_word' id='word_1_5' title='bbox 805 357 973 408; x_wconf 70' lang='lat' dir='ltr'>niumm.</span> 
     </span>
    </p>
   </div>
   <div class='ocr_carea' id='block_1_2' title="bbox 157 498 1268 3948">
    <p class='ocr_par' dir='ltr' id='par_1_2' title="bbox 157 498 1268 2537">
     <span class='ocr_line' id='line_1_2' title="bbox 206 498 1197 578; baseline 0 -20"><span class='ocrx_word' id='word_1_6' title='bbox 206 520 275 577; x_wconf 90' lang='lat' dir='ltr'>pore</span> <span class='ocrx_word' id='word_1_7' title='bbox 300 500 397 559; x_wconf 91' lang='lat' dir='ltr'>lucem</span> <span class='ocrx_word' id='word_1_8' title='bbox 424 501 526 559; x_wconf 79' lang='lat' dir='ltr'>afferre</span> <span class='ocrx_word' id='word_1_9' title='bbox 552 501 718 577; x_wconf 81' lang='lat' dir='ltr'>reipublicae</span> <span class='ocrx_word' id='word_1_10' title='bbox 744 501 845 578; x_wconf 88' lang='lat' dir='ltr'>potuit,</span> <span class='ocrx_word' id='word_1_11' title='bbox 872 510 904 558; x_wconf 88' lang='lat' dir='ltr'>ut</span> <span class='ocrx_word' id='word_1_12' title='bbox 937 519 996 570; x_wconf 87' lang='lat' dir='ltr'>vos,</span> <span class='ocrx_word' id='word_1_13' title='bbox 1029 498 1078 575; x_wconf 90' lang='lat' dir='ltr'>qui</span> <span class='ocrx_word' id='word_1_14' title='bbox 1112 500 1197 558; x_wconf 89' lang='lat' dir='ltr'>modo</span> 
     </span>
     <span class='ocr_line' id='line_1_3' title="bbox 208 578 1196 649; baseline -0.002 -11"><span class='ocrx_word' id='word_1_15' title='bbox 208 590 275 638; x_wconf 91' lang='lat' dir='ltr'>ante</span> <span class='ocrx_word' id='word_1_16' title='bbox 290 580 395 638; x_wconf 86' lang='lat' dir='ltr'>ostium</span> <span class='ocrx_word' id='word_1_17' title='bbox 417 580 590 638; x_wconf 85' lang='lat' dir='ltr'>Tiberinum</span> <span class='ocrx_word' id='word_1_18' title='bbox 611 580 733 638; x_wconf 81' lang='lat' dir='ltr'><strong>classem</strong></span> <span class='ocrx_word' id='word_1_19' title='bbox 755 580 880 637; x_wconf 90' lang='lat' dir='ltr'>hostium</span> <span class='ocrx_word' id='word_1_20' title='bbox 901 578 1052 649; x_wconf 91' lang='lat' dir='ltr'>videbatis,</span> <span class='ocrx_word' id='word_1_21' title='bbox 1074 578 1096 636; x_wconf 92' lang='lat' dir='ltr'>ii</span> <span class='ocrx_word' id='word_1_22' title='bbox 1116 598 1196 636; x_wconf 91' lang='lat' dir='ltr'>nunc</span> 
     </span>
     <span class='ocr_line' id='line_1_4' title="bbox 207 657 1196 735; baseline -0.003 -18"><span class='ocrx_word' id='word_1_23' title='bbox 207 659 317 717; x_wconf 88' lang='lat' dir='ltr'>nullam</span> <span class='ocrx_word' id='word_1_24' title='bbox 338 659 414 716; x_wconf 86' lang='lat' dir='ltr'>intra</span> <span class='ocrx_word' id='word_1_25' title='bbox 434 657 548 716; x_wconf 87' lang='lat' dir='ltr'>Oceani</span> <span class='ocrx_word' id='word_1_26' title='bbox 569 659 673 717; x_wconf 90' lang='lat' dir='ltr'>ostium</span> <span class='ocrx_word' id='word_1_27' title='bbox 694 660 860 735; x_wconf 84' lang='lat' dir='ltr'>praedonum</span> <span class='ocrx_word' id='word_1_28' title='bbox 880 676 985 716; x_wconf 87' lang='lat' dir='ltr'>navem</span> <span class='ocrx_word' id='word_1_29' title='bbox 1006 676 1070 714; x_wconf 88' lang='lat' dir='ltr'>esse</span> <span class='ocrx_word' id='word_1_30' title='bbox 1097 658 1196 715; x_wconf 87' lang='lat' dir='ltr'>audia-</span> 
     </span>
     <span class='ocr_line' id='line_1_5' title="bbox 207 736 1195 813; baseline -0.001 -19"><span class='ocrx_word' id='word_1_31' title='bbox 207 737 264 794; x_wconf 88' lang='lat' dir='ltr'>tisl</span> <span class='ocrx_word' id='word_1_32' title='bbox 305 738 412 812; x_wconf 81' lang='lat' dir='ltr'>Atque,</span> <span class='ocrx_word' id='word_1_33' title='bbox 427 736 490 794; x_wconf 85' lang='lat' dir='ltr'>haec</span> <span class='ocrx_word' id='word_1_34' title='bbox 503 736 560 812; x_wconf 74' lang='lat' dir='ltr'>qui</span> <span class='ocrx_word' id='word_1_35' title='bbox 573 737 721 795; x_wconf 89' lang='lat' dir='ltr'>celeritate</span> <span class='ocrx_word' id='word_1_36' title='bbox 742 746 824 813; x_wconf 85' lang='lat' dir='ltr'>gesta</span> <span class='ocrx_word' id='word_1_37' title='bbox 844 736 911 807; x_wconf 89' lang='lat' dir='ltr'>sint,</span> <span class='ocrx_word' id='word_1_38' title='bbox 933 753 1097 811; x_wconf 80' lang='lat' dir='ltr'><strong>quanquam</strong></span> <span class='ocrx_word' id='word_1_39' title='bbox 1119 736 1195 793; x_wconf 91' lang='lat' dir='ltr'>vide-</span> 
     </span>
     <span class='ocr_line' id='line_1_6' title="bbox 174 814 1195 892; baseline -0.003 -20"><span class='ocrx_word' id='word_1_40' title='bbox 174 815 254 886; x_wconf 75' lang='lat' dir='ltr'>stis,</span> <span class='ocrx_word' id='word_1_41' title='bbox 276 825 372 874; x_wconf 89' lang='lat' dir='ltr'>tamen</span> <span class='ocrx_word' id='word_1_42' title='bbox 395 833 479 872; x_wconf 87' lang='lat' dir='ltr'>ame</span> <span class='ocrx_word' id='word_1_43' title='bbox 501 815 531 872; x_wconf 93' lang='lat' dir='ltr'>in</span> <span class='ocrx_word' id='word_1_44' title='bbox 554 815 678 873; x_wconf 93' lang='lat' dir='ltr'>dicendo</span> <span class='ocrx_word' id='word_1_45' title='bbox 698 816 897 892; x_wconf 71' lang='lat' dir='ltr'>pretereunda</span> <span class='ocrx_word' id='word_1_46' title='bbox 922 833 980 872; x_wconf 91' lang='lat' dir='ltr'>non</span> <span class='ocrx_word' id='word_1_47' title='bbox 1002 823 1076 871; x_wconf 87' lang='lat' dir='ltr'>sunt</span> <span class='ocrx_word' id='word_1_48' title='bbox 1116 814 1195 874; x_wconf 81' lang='lat' dir='ltr'>Quis</span> 
     </span>
     <span class='ocr_line' id='line_1_7' title="bbox 207 891 1194 970; baseline -0.003 -19"><span class='ocrx_word' id='word_1_49' title='bbox 207 894 285 951; x_wconf 90' lang='lat' dir='ltr'>enim</span> <span class='ocrx_word' id='word_1_50' title='bbox 299 911 435 968; x_wconf 88' lang='lat' dir='ltr'>unquam,</span> <span class='ocrx_word' id='word_1_51' title='bbox 451 902 500 949; x_wconf 89' lang='lat' dir='ltr'>aut</span> <span class='ocrx_word' id='word_1_52' title='bbox 512 894 638 952; x_wconf 88' lang='lat' dir='ltr'>obeundi</span> <span class='ocrx_word' id='word_1_53' title='bbox 651 893 760 970; x_wconf 85' lang='lat' dir='ltr'>negotii</span> <span class='ocrx_word' id='word_1_54' title='bbox 782 903 832 951; x_wconf 93' lang='lat' dir='ltr'>aut</span> <span class='ocrx_word' id='word_1_55' title='bbox 853 892 1048 967; x_wconf 91' lang='lat' dir='ltr'>consequendi</span> <span class='ocrx_word' id='word_1_56' title='bbox 1069 891 1194 967; x_wconf 74' lang='lat' dir='ltr'>quastus</span> 
     </span>
     <span class='ocr_line' id='line_1_8' title="bbox 207 970 1194 1047; baseline -0.002 -18"><span class='ocrx_word' id='word_1_57' title='bbox 207 972 310 1042; x_wconf 90' lang='lat' dir='ltr'>studio,</span> <span class='ocrx_word' id='word_1_58' title='bbox 324 981 384 1029; x_wconf 88' lang='lat' dir='ltr'>tam</span> <span class='ocrx_word' id='word_1_59' title='bbox 393 971 472 1029; x_wconf 90' lang='lat' dir='ltr'>brevi</span> <span class='ocrx_word' id='word_1_60' title='bbox 485 981 621 1047; x_wconf 88' lang='lat' dir='ltr'>tempore,</span> <span class='ocrx_word' id='word_1_61' title='bbox 634 980 675 1030; x_wconf 87' lang='lat' dir='ltr'>tot</span> <span class='ocrx_word' id='word_1_62' title='bbox 696 971 760 1030; x_wconf 91' lang='lat' dir='ltr'>loca</span> <span class='ocrx_word' id='word_1_63' title='bbox 782 972 871 1043; x_wconf 92' lang='lat' dir='ltr'>adire,</span> <span class='ocrx_word' id='word_1_64' title='bbox 885 981 979 1029; x_wconf 83' lang='lat' dir='ltr'>tantos</span> <span class='ocrx_word' id='word_1_65' title='bbox 993 990 1094 1027; x_wconf 89' lang='lat' dir='ltr'>cursus</span> <span class='ocrx_word' id='word_1_66' title='bbox 1107 970 1194 1028; x_wconf 88' lang='lat' dir='ltr'>conli-</span> 
     </span>
     <span class='ocr_line' id='line_1_9' title="bbox 207 1047 1194 1126; baseline -0.002 -18"><span class='ocrx_word' id='word_1_67' title='bbox 207 1069 283 1120; x_wconf 90' lang='lat' dir='ltr'>cere,</span> <span class='ocrx_word' id='word_1_68' title='bbox 296 1051 398 1126; x_wconf 89' lang='lat' dir='ltr'>potuit,</span> <span class='ocrx_word' id='word_1_69' title='bbox 412 1047 499 1124; x_wconf 79' lang='lat' dir='ltr'>qudm</span> <span class='ocrx_word' id='word_1_70' title='bbox 513 1049 654 1121; x_wconf 79' lang='lat' dir='ltr'>celeriter,</span> <span class='ocrx_word' id='word_1_71' title='bbox 669 1050 724 1108; x_wconf 87' lang='lat' dir='ltr'>Cn.</span> <span class='ocrx_word' id='word_1_72' title='bbox 740 1051 875 1126; x_wconf 90' lang='lat' dir='ltr'>Pompeio</span> <span class='ocrx_word' id='word_1_73' title='bbox 888 1051 974 1120; x_wconf 91' lang='lat' dir='ltr'>duce,</span> <span class='ocrx_word' id='word_1_74' title='bbox 989 1049 1057 1107; x_wconf 90' lang='lat' dir='ltr'>belli</span> <span class='ocrx_word' id='word_1_75' title='bbox 1070 1048 1194 1124; x_wconf 90' lang='lat' dir='ltr'>impetus</span> 
     </span>
     <span class='ocr_line' id='line_1_10' title="bbox 206 1127 1194 1205; baseline -0.002 -20"><span class='ocrx_word' id='word_1_76' title='bbox 206 1128 371 1205; x_wconf 83' lang='lat' dir='ltr'>navigavitl</span> <span class='ocrx_word' id='word_1_77' title='bbox 391 1128 450 1204; x_wconf 90' lang='lat' dir='ltr'>qui,</span> <span class='ocrx_word' id='word_1_78' title='bbox 464 1128 592 1186; x_wconf 90' lang='lat' dir='ltr'>nondum</span> <span class='ocrx_word' id='word_1_79' title='bbox 605 1129 772 1204; x_wconf 87' lang='lat' dir='ltr'>tempestivo</span> <span class='ocrx_word' id='word_1_80' title='bbox 787 1129 823 1185; x_wconf 90' lang='lat' dir='ltr'>ad</span> <span class='ocrx_word' id='word_1_81' title='bbox 836 1128 1030 1205; x_wconf 82' lang='lat' dir='ltr'>navigandum</span> <span class='ocrx_word' id='word_1_82' title='bbox 1051 1127 1133 1197; x_wconf 86' lang='lat' dir='ltr'>mari,</span> <span class='ocrx_word' id='word_1_83' title='bbox 1149 1127 1194 1184; x_wconf 88' lang='lat' dir='ltr'>Si·</span> 
     </span>
     <span class='ocr_line' id='line_1_11' title="bbox 159 1205 1193 1283; baseline 0.001 -21"><span class='ocrx_word' id='word_1_84' title='bbox 159 1206 193 1262; x_wconf 86' lang='lat'>10</span> <span class='ocrx_word' id='word_1_85' title='bbox 207 1207 305 1264; x_wconf 84' lang='lat' dir='ltr'>cilium</span> <span class='ocrx_word' id='word_1_86' title='bbox 319 1206 399 1277; x_wconf 87' lang='lat' dir='ltr'>adlit,</span> <span class='ocrx_word' id='word_1_87' title='bbox 413 1206 545 1264; x_wconf 86' lang='lat' dir='ltr'>Africam</span> <span class='ocrx_word' id='word_1_88' title='bbox 559 1207 730 1282; x_wconf 80' lang='lat' dir='ltr'>exploravit3</span> <span class='ocrx_word' id='word_1_89' title='bbox 751 1208 819 1265; x_wconf 93' lang='lat' dir='ltr'>inde</span> <span class='ocrx_word' id='word_1_90' title='bbox 841 1207 1008 1283; x_wconf 75' lang='lat' dir='ltr'>Sardiniam</span> <span class='ocrx_word' id='word_1_91' title='bbox 1020 1224 1087 1262; x_wconf 90' lang='lat' dir='ltr'>cum</span> <span class='ocrx_word' id='word_1_92' title='bbox 1101 1205 1193 1263; x_wconf 89' lang='lat' dir='ltr'>classa</span> 
     </span>
     <span class='ocr_line' id='line_1_12' title="bbox 207 1283 1194 1361; baseline 0.001 -21"><span class='ocrx_word' id='word_1_93' title='bbox 207 1285 285 1342; x_wconf 92' lang='lat' dir='ltr'>venit</span> <span class='ocrx_word' id='word_1_94' title='bbox 293 1304 301 1354; x_wconf 81' lang='lat'><em>3</em></span> <span class='ocrx_word' id='word_1_95' title='bbox 323 1295 408 1359; x_wconf 88' lang='lat' dir='ltr'>atque</span> <span class='ocrx_word' id='word_1_96' title='bbox 421 1285 484 1341; x_wconf 85' lang='lat' dir='ltr'>haec</span> <span class='ocrx_word' id='word_1_97' title='bbox 497 1284 553 1341; x_wconf 89' lang='lat' dir='ltr'>tria</span> <span class='ocrx_word' id='word_1_98' title='bbox 566 1285 753 1343; x_wconf 86' lang='lat' dir='ltr'>frumentaria</span> <span class='ocrx_word' id='word_1_99' title='bbox 766 1285 895 1342; x_wconf 87' lang='lat' dir='ltr'>subsidia</span> <span class='ocrx_word' id='word_1_100' title='bbox 913 1283 1079 1361; x_wconf 84' lang='lat' dir='ltr'>reipublicae</span> <span class='ocrx_word' id='word_1_101' title='bbox 1093 1284 1194 1341; x_wconf 88' lang='lat' dir='ltr'>firmis-</span> 
     </span>
     <span class='ocr_line' id='line_1_13' title="bbox 207 1361 1193 1438; baseline -0.002 -18"><span class='ocrx_word' id='word_1_102' title='bbox 207 1363 288 1420; x_wconf 91' lang='lat' dir='ltr'>simis</span> <span class='ocrx_word' id='word_1_103' title='bbox 301 1363 440 1438; x_wconf 84' lang='lat' dir='ltr'>praesidiis</span> <span class='ocrx_word' id='word_1_104' title='bbox 449 1363 645 1437; x_wconf 81' lang='lat' dir='ltr'>classibusque</span> <span class='ocrx_word' id='word_1_105' title='bbox 658 1364 788 1422; x_wconf 88' lang='lat' dir='ltr'>munivit.</span> <span class='ocrx_word' id='word_1_106' title='bbox 829 1363 903 1422; x_wconf 90' lang='lat' dir='ltr'>Inde</span> <span class='ocrx_word' id='word_1_107' title='bbox 911 1361 980 1421; x_wconf 78' lang='lat' dir='ltr'>crim</span> <span class='ocrx_word' id='word_1_108' title='bbox 993 1382 1025 1420; x_wconf 92' lang='lat' dir='ltr'>se</span> <span class='ocrx_word' id='word_1_109' title='bbox 1033 1362 1064 1420; x_wconf 91' lang='lat' dir='ltr'>in</span> <span class='ocrx_word' id='word_1_110' title='bbox 1077 1362 1193 1419; x_wconf 89' lang='lat' dir='ltr'>Italiam</span> 
     </span>
     <span class='ocr_line' id='line_1_14' title="bbox 207 1440 1193 1518; baseline -0.002 -19"><span class='ocrx_word' id='word_1_111' title='bbox 207 1440 372 1516; x_wconf 80' lang='lat' dir='ltr'>recepisset,</span> <span class='ocrx_word' id='word_1_112' title='bbox 387 1440 499 1498; x_wconf 89' lang='lat' dir='ltr'>duabus</span> <span class='ocrx_word' id='word_1_113' title='bbox 513 1441 662 1517; x_wconf 87' lang='lat' dir='ltr'>Hispaniis</span> <span class='ocrx_word' id='word_1_114' title='bbox 682 1452 712 1500; x_wconf 91' lang='lat' dir='ltr'>et</span> <span class='ocrx_word' id='word_1_115' title='bbox 724 1442 820 1500; x_wconf 72' lang='lat' dir='ltr'>Gallia</span> <span class='ocrx_word' id='word_1_116' title='bbox 835 1441 984 1518; x_wconf 72' lang='lat' dir='ltr'>Cisalpina</span> <span class='ocrx_word' id='word_1_117' title='bbox 997 1440 1137 1517; x_wconf 86' lang='lat' dir='ltr'>praesidiis</span> <span class='ocrx_word' id='word_1_118' title='bbox 1157 1459 1193 1498; x_wconf 91' lang='lat' dir='ltr'>ac</span> 
     </span>
     <span class='ocr_line' id='line_1_15' title="bbox 207 1519 1193 1596; baseline 0 -19"><span class='ocrx_word' id='word_1_119' title='bbox 207 1520 329 1577; x_wconf 86' lang='lat' dir='ltr'>naribus</span> <span class='ocrx_word' id='word_1_120' title='bbox 350 1519 528 1590; x_wconf 68' lang='lat' dir='ltr'>confirmata,</span> <span class='ocrx_word' id='word_1_121' title='bbox 542 1520 637 1577; x_wconf 90' lang='lat' dir='ltr'>missis</span> <span class='ocrx_word' id='word_1_122' title='bbox 659 1521 727 1577; x_wconf 88' lang='lat' dir='ltr'>item</span> <span class='ocrx_word' id='word_1_123' title='bbox 749 1522 779 1578; x_wconf 93' lang='lat' dir='ltr'>in</span> <span class='ocrx_word' id='word_1_124' title='bbox 792 1540 873 1579; x_wconf 86' lang='lat' dir='ltr'>oram</span> <span class='ocrx_word' id='word_1_125' title='bbox 886 1519 996 1596; x_wconf 88' lang='lat' dir='ltr'>Illyrici</span> <span class='ocrx_word' id='word_1_126' title='bbox 1009 1519 1106 1591; x_wconf 87' lang='lat' dir='ltr'>maris,</span> <span class='ocrx_word' id='word_1_127' title='bbox 1120 1528 1149 1576; x_wconf 92' lang='lat' dir='ltr'>et</span> <span class='ocrx_word' id='word_1_128' title='bbox 1162 1519 1193 1577; x_wconf 88' lang='lat' dir='ltr'>in</span> 
     </span>
     <span class='ocr_line' id='line_1_16' title="bbox 159 1598 1194 1673; baseline 0 -18"><span class='ocrx_word' id='word_1_129' title='bbox 159 1602 193 1655; x_wconf 90' lang='grc'>15</span> <span class='ocrx_word' id='word_1_130' title='bbox 208 1599 354 1655; x_wconf 83' lang='lat' dir='ltr'>Achaiam</span> <span class='ocrx_word' id='word_1_131' title='bbox 379 1616 550 1673; x_wconf 89' lang='lat' dir='ltr'>omnemque</span> <span class='ocrx_word' id='word_1_132' title='bbox 571 1599 726 1671; x_wconf 82' lang='lat' dir='ltr'>Graeciam,</span> <span class='ocrx_word' id='word_1_133' title='bbox 747 1600 878 1670; x_wconf 87' lang='lat' dir='ltr'>navibus,</span> <span class='ocrx_word' id='word_1_134' title='bbox 901 1598 992 1656; x_wconf 84' lang='lat' dir='ltr'>Italiae</span> <span class='ocrx_word' id='word_1_135' title='bbox 1020 1599 1077 1655; x_wconf 90' lang='lat' dir='ltr'>duo</span> <span class='ocrx_word' id='word_1_136' title='bbox 1102 1598 1194 1655; x_wconf 88' lang='lat' dir='ltr'>maria</span> 
     </span>
     <span class='ocr_line' id='line_1_17' title="bbox 207 1675 1193 1754; baseline 0.001 -22"><span class='ocrx_word' id='word_1_137' title='bbox 207 1676 341 1733; x_wconf 78' lang='lat' dir='ltr'>maximis</span> <span class='ocrx_word' id='word_1_138' title='bbox 366 1676 507 1734; x_wconf 90' lang='lat' dir='ltr'>classibus</span> <span class='ocrx_word' id='word_1_139' title='bbox 533 1677 759 1753; x_wconf 87' lang='lat' dir='ltr'>firmissimisque</span> <span class='ocrx_word' id='word_1_140' title='bbox 780 1677 920 1754; x_wconf 83' lang='lat' dir='ltr'>praesidiis</span> <span class='ocrx_word' id='word_1_141' title='bbox 947 1675 1111 1734; x_wconf 82' lang='lat' dir='ltr'>adornavit:</span> <span class='ocrx_word' id='word_1_142' title='bbox 1132 1676 1193 1752; x_wconf 89' lang='lat' dir='ltr'>ipse</span> 
     </span>
     <span class='ocr_line' id='line_1_18' title="bbox 209 1754 1193 1831; baseline 0 -20"><span class='ocrx_word' id='word_1_143' title='bbox 209 1765 315 1825; x_wconf 87' lang='lat' dir='ltr'>autem,</span> <span class='ocrx_word' id='word_1_144' title='bbox 330 1764 361 1812; x_wconf 92' lang='lat' dir='ltr'>ut</span> <span class='ocrx_word' id='word_1_145' title='bbox 375 1773 393 1811; x_wconf 88' lang='lat' dir='ltr'>a</span> <span class='ocrx_word' id='word_1_146' title='bbox 406 1754 560 1813; x_wconf 88' lang='lat' dir='ltr'>Brundisio</span> <span class='ocrx_word' id='word_1_147' title='bbox 579 1756 723 1830; x_wconf 86' lang='lat' dir='ltr'>profectus</span> <span class='ocrx_word' id='word_1_148' title='bbox 746 1768 799 1826; x_wconf 90' lang='lat' dir='ltr'>est,</span> <span class='ocrx_word' id='word_1_149' title='bbox 813 1754 1126 1831; x_wconf 84' lang='lat' dir='ltr'>undequinquagesimo</span> <span class='ocrx_word' id='word_1_150' title='bbox 1146 1755 1193 1811; x_wconf 93' lang='lat' dir='ltr'>die</span> 
     </span>
     <span class='ocr_line' id='line_1_19' title="bbox 207 1833 1268 1910; baseline -0.001 -20"><span class='ocrx_word' id='word_1_151' title='bbox 207 1841 297 1890; x_wconf 87' lang='lat' dir='ltr'>totam</span> <span class='ocrx_word' id='word_1_152' title='bbox 311 1833 347 1890; x_wconf 90' lang='lat' dir='ltr'>ad</span> <span class='ocrx_word' id='word_1_153' title='bbox 361 1833 512 1909; x_wconf 91' lang='lat' dir='ltr'>imperium</span> <span class='ocrx_word' id='word_1_154' title='bbox 525 1835 621 1910; x_wconf 90' lang='lat' dir='ltr'>populi</span> <span class='ocrx_word' id='word_1_155' title='bbox 634 1835 762 1892; x_wconf 87' lang='lat' dir='ltr'>Romani</span> <span class='ocrx_word' id='word_1_156' title='bbox 776 1835 912 1892; x_wconf 87' lang='lat' dir='ltr'>Ciliciam</span> <span class='ocrx_word' id='word_1_157' title='bbox 924 1833 1069 1910; x_wconf 81' lang='lat' dir='ltr'>adjunxit:</span> <span class='ocrx_word' id='word_1_158' title='bbox 1083 1851 1193 1902; x_wconf 89' lang='lat' dir='ltr'>omnes,</span> <span class='ocrx_word' id='word_1_159' title='bbox 1261 1861 1268 1866; x_wconf 92' lang='lat'>·</span> 
     </span>
     <span class='ocr_line' id='line_1_20' title="bbox 208 1911 1193 1989; baseline 0 -22"><span class='ocrx_word' id='word_1_160' title='bbox 208 1911 257 1986; x_wconf 93' lang='lat' dir='ltr'>qui</span> <span class='ocrx_word' id='word_1_161' title='bbox 271 1911 377 1986; x_wconf 91' lang='lat' dir='ltr'>ubique</span> <span class='ocrx_word' id='word_1_162' title='bbox 389 1912 536 1987; x_wconf 74' lang='lat' dir='ltr'>predones</span> <span class='ocrx_word' id='word_1_163' title='bbox 550 1913 674 1984; x_wconf 86' lang='lat' dir='ltr'>fuerunt,</span> <span class='ocrx_word' id='word_1_164' title='bbox 688 1914 792 1989; x_wconf 89' lang='lat' dir='ltr'>partim</span> <span class='ocrx_word' id='word_1_165' title='bbox 812 1912 889 1989; x_wconf 91' lang='lat' dir='ltr'>capti</span> <span class='ocrx_word' id='word_1_166' title='bbox 903 1911 1103 1985; x_wconf 82' lang='lat' dir='ltr'>interfectique</span> <span class='ocrx_word' id='word_1_167' title='bbox 1117 1920 1193 1981; x_wconf 87' lang='lat' dir='ltr'>suut,</span> 
     </span>
     <span class='ocr_line' id='line_1_21' title="bbox 157 1987 1193 2068; baseline -0.001 -22"><span class='ocrx_word' id='word_1_168' title='bbox 157 1999 194 2054; x_wconf 72' lang='lat'>20</span> <span class='ocrx_word' id='word_1_169' title='bbox 208 1988 310 2065; x_wconf 88' lang='lat' dir='ltr'>partim</span> <span class='ocrx_word' id='word_1_170' title='bbox 325 1987 410 2047; x_wconf 75' lang='lat' dir='ltr'>u&#39;nius</span> <span class='ocrx_word' id='word_1_171' title='bbox 424 1990 508 2065; x_wconf 87' lang='lat' dir='ltr'>hujus</span> <span class='ocrx_word' id='word_1_172' title='bbox 522 1990 640 2066; x_wconf 89' lang='lat' dir='ltr'>imperio</span> <span class='ocrx_word' id='word_1_173' title='bbox 654 2010 689 2048; x_wconf 88' lang='lat' dir='ltr'>ac</span> <span class='ocrx_word' id='word_1_174' title='bbox 701 1991 834 2068; x_wconf 88' lang='lat' dir='ltr'>potestati</span> <span class='ocrx_word' id='word_1_175' title='bbox 848 2011 879 2048; x_wconf 91' lang='lat' dir='ltr'>se</span> <span class='ocrx_word' id='word_1_176' title='bbox 889 1991 1069 2048; x_wconf 87' lang='lat' dir='ltr'>dediderunt.</span> <span class='ocrx_word' id='word_1_177' title='bbox 1110 1989 1193 2046; x_wconf 90' lang='lat' dir='ltr'>Idem</span> 
     </span>
     <span class='ocr_line' id='line_1_22' title="bbox 209 2067 1193 2145; baseline -0.001 -20"><span class='ocrx_word' id='word_1_178' title='bbox 209 2067 406 2140; x_wconf 86' lang='lat' dir='ltr'>Cretensibus,</span> <span class='ocrx_word' id='word_1_179' title='bbox 421 2067 488 2125; x_wconf 77' lang='lat' dir='ltr'>crim</span> <span class='ocrx_word' id='word_1_180' title='bbox 503 2069 620 2126; x_wconf 89' lang='lat' dir='ltr'>adeum</span> <span class='ocrx_word' id='word_1_181' title='bbox 634 2088 724 2145; x_wconf 91' lang='lat' dir='ltr'>usque</span> <span class='ocrx_word' id='word_1_182' title='bbox 746 2071 775 2127; x_wconf 91' lang='lat' dir='ltr'>iu</span> <span class='ocrx_word' id='word_1_183' title='bbox 798 2070 995 2145; x_wconf 88' lang='lat' dir='ltr'>Pamphyliam</span> <span class='ocrx_word' id='word_1_184' title='bbox 1016 2068 1125 2143; x_wconf 81' lang='lat' dir='ltr'>legatos</span> <span class='ocrx_word' id='word_1_185' title='bbox 1145 2067 1193 2125; x_wconf 92' lang='lat' dir='ltr'>de-</span> 
     </span>
     <span class='ocr_line' id='line_1_23' title="bbox 207 2146 1194 2224; baseline 0 -21"><span class='ocrx_word' id='word_1_186' title='bbox 207 2155 426 2222; x_wconf 87' lang='lat' dir='ltr'>precatoresque</span> <span class='ocrx_word' id='word_1_187' title='bbox 447 2146 602 2217; x_wconf 88' lang='lat' dir='ltr'>misissent,</span> <span class='ocrx_word' id='word_1_188' title='bbox 624 2167 704 2224; x_wconf 90' lang='lat' dir='ltr'>spem</span> <span class='ocrx_word' id='word_1_189' title='bbox 725 2148 879 2207; x_wconf 86' lang='lat' dir='ltr'>deditionis</span> <span class='ocrx_word' id='word_1_190' title='bbox 901 2168 959 2206; x_wconf 91' lang='lat' dir='ltr'>non</span> <span class='ocrx_word' id='word_1_191' title='bbox 984 2146 1099 2216; x_wconf 89' lang='lat' dir='ltr'>ademit,</span> <span class='ocrx_word' id='word_1_192' title='bbox 1119 2146 1194 2204; x_wconf 89' lang='lat' dir='ltr'>obsi-</span> 
     </span>
     <span class='ocr_line' id='line_1_24' title="bbox 208 2225 1193 2300; baseline -0.001 -19"><span class='ocrx_word' id='word_1_193' title='bbox 208 2226 315 2300; x_wconf 89' lang='lat' dir='ltr'>desque</span> <span class='ocrx_word' id='word_1_194' title='bbox 328 2226 486 2300; x_wconf 84' lang='lat' dir='ltr'>imperavrt</span> <span class='ocrx_word' id='word_1_195' title='bbox 527 2225 575 2283; x_wconf 88' lang='lat' dir='ltr'>lta</span> <span class='ocrx_word' id='word_1_196' title='bbox 595 2236 707 2284; x_wconf 91' lang='lat' dir='ltr'>tantum</span> <span class='ocrx_word' id='word_1_197' title='bbox 729 2228 846 2298; x_wconf 91' lang='lat' dir='ltr'>bellum,</span> <span class='ocrx_word' id='word_1_198' title='bbox 860 2236 920 2284; x_wconf 90' lang='lat' dir='ltr'>tam</span> <span class='ocrx_word' id='word_1_199' title='bbox 942 2226 1119 2294; x_wconf 88' lang='lat' dir='ltr'>diuturnum,</span> <span class='ocrx_word' id='word_1_200' title='bbox 1133 2233 1193 2281; x_wconf 86' lang='lat' dir='ltr'>tam</span> 
     </span>
     <span class='ocr_line' id='line_1_25' title="bbox 207 2301 1207 2382; baseline -0.001 -22"><span class='ocrx_word' id='word_1_201' title='bbox 207 2301 293 2379; x_wconf 73' lang='lat' dir='ltr'>longe</span> <span class='ocrx_word' id='word_1_202' title='bbox 307 2301 423 2379; x_wconf 74' lang='lat' dir='ltr'>lateque</span> <span class='ocrx_word' id='word_1_203' title='bbox 437 2304 607 2380; x_wconf 88' lang='lat' dir='ltr'>dispersum,</span> <span class='ocrx_word' id='word_1_204' title='bbox 622 2324 678 2380; x_wconf 92' lang='lat' dir='ltr'>quo</span> <span class='ocrx_word' id='word_1_205' title='bbox 691 2305 767 2364; x_wconf 91' lang='lat' dir='ltr'>bello</span> <span class='ocrx_word' id='word_1_206' title='bbox 778 2325 879 2363; x_wconf 91' lang='lat' dir='ltr'>omnes</span> <span class='ocrx_word' id='word_1_207' title='bbox 892 2314 993 2382; x_wconf 86' lang='lat' dir='ltr'>gentes</span> <span class='ocrx_word' id='word_1_208' title='bbox 1010 2321 1045 2360; x_wconf 84' lang='lat' dir='ltr'>ac</span> <span class='ocrx_word' id='word_1_209' title='bbox 1063 2303 1207 2360; x_wconf 84' lang='lat' dir='ltr'>nationes</span> 
     </span>
     <span class='ocr_line' id='line_1_26' title="bbox 157 2381 1194 2461; baseline 0 -23"><span class='ocrx_word' id='word_1_210' title='bbox 157 2382 194 2446; x_wconf 81' lang='lat'>2&#39;5</span> <span class='ocrx_word' id='word_1_211' title='bbox 207 2383 418 2458; x_wconf 88' lang='lat' dir='ltr'>premebantur,</span> <span class='ocrx_word' id='word_1_212' title='bbox 433 2383 488 2440; x_wconf 84' lang='lat' dir='ltr'>Gn.</span> <span class='ocrx_word' id='word_1_213' title='bbox 500 2383 653 2460; x_wconf 89' lang='lat' dir='ltr'>Pompeius</span> <span class='ocrx_word' id='word_1_214' title='bbox 666 2384 794 2442; x_wconf 70' lang='lat' dir='ltr'>extremis</span> <span class='ocrx_word' id='word_1_215' title='bbox 808 2384 903 2442; x_wconf 89' lang='lat' dir='ltr'>hieme</span> <span class='ocrx_word' id='word_1_216' title='bbox 913 2382 1067 2461; x_wconf 84' lang='lat' dir='ltr'>apparavit,</span> <span class='ocrx_word' id='word_1_217' title='bbox 1076 2381 1194 2439; x_wconf 92' lang='lat' dir='ltr'>ineunte</span> 
     </span>
     <span class='ocr_line' id='line_1_27' title="bbox 207 2461 793 2537; baseline 0.007 -20"><span class='ocrx_word' id='word_1_218' title='bbox 207 2479 274 2518; x_wconf 88' lang='lat' dir='ltr'>vere</span> <span class='ocrx_word' id='word_1_219' title='bbox 288 2461 422 2537; x_wconf 90' lang='lat' dir='ltr'>suscepit,</span> <span class='ocrx_word' id='word_1_220' title='bbox 437 2461 534 2519; x_wconf 72' lang='lat' dir='ltr'>medii</span> <span class='ocrx_word' id='word_1_221' title='bbox 548 2472 645 2520; x_wconf 86' lang='lat' dir='ltr'>aestate</span> <span class='ocrx_word' id='word_1_222' title='bbox 660 2463 793 2521; x_wconf 84' lang='lat' dir='ltr'>confecit.</span> 
     </span>
    </p>

    <p class='ocr_par' dir='ltr' id='par_1_3' title="bbox 207 2537 1194 2770">
     <span class='ocr_line' id='line_1_28' title="bbox 246 2537 1194 2617; baseline -0.001 -22"><span class='ocrx_word' id='word_1_223' title='bbox 246 2537 337 2596; x_wconf 88' lang='lat' dir='ltr'><strong>XIII.</strong></span> <span class='ocrx_word' id='word_1_224' title='bbox 370 2539 424 2597; x_wconf 90' lang='lat' dir='ltr'>Est</span> <span class='ocrx_word' id='word_1_225' title='bbox 436 2541 500 2598; x_wconf 83' lang='lat' dir='ltr'>lraec</span> <span class='ocrx_word' id='word_1_226' title='bbox 514 2540 611 2599; x_wconf 90' lang='lat' dir='ltr'>divina</span> <span class='ocrx_word' id='word_1_227' title='bbox 625 2551 710 2617; x_wconf 91' lang='lat' dir='ltr'>atque</span> <span class='ocrx_word' id='word_1_228' title='bbox 734 2539 913 2599; x_wconf 91' lang='lat' dir='ltr'>incredibilis</span> <span class='ocrx_word' id='word_1_229' title='bbox 934 2539 1024 2596; x_wconf 90' lang='lat' dir='ltr'>virtus</span> <span class='ocrx_word' id='word_1_230' title='bbox 1045 2537 1194 2613; x_wconf 88' lang='lat' dir='ltr'>imperato·</span> 
     </span>
     <span class='ocr_line' id='line_1_29' title="bbox 207 2616 1192 2695; baseline -0.002 -21"><span class='ocrx_word' id='word_1_231' title='bbox 207 2616 256 2674; x_wconf 86' lang='lat' dir='ltr'>ris.</span> <span class='ocrx_word' id='word_1_232' title='bbox 296 2617 380 2678; x_wconf 77' lang='lat' dir='ltr'>Quid</span> <span class='ocrx_word' id='word_1_233' title='bbox 395 2629 515 2689; x_wconf 75' lang='lat' dir='ltr'>ceterae,</span> <span class='ocrx_word' id='word_1_234' title='bbox 530 2638 601 2692; x_wconf 90' lang='lat' dir='ltr'>quas</span> <span class='ocrx_word' id='word_1_235' title='bbox 615 2619 701 2695; x_wconf 81' lang='lat' dir='ltr'>pauld</span> <span class='ocrx_word' id='word_1_236' title='bbox 717 2618 783 2677; x_wconf 74' lang='lat' dir='ltr'>ante</span> <span class='ocrx_word' id='word_1_237' title='bbox 801 2637 1025 2677; x_wconf 88' lang='lat' dir='ltr'>commemorare</span> <span class='ocrx_word' id='word_1_238' title='bbox 1040 2634 1192 2692; x_wconf 77' lang='lat' dir='ltr'>coeperam,</span> 
     </span>
     <span class='ocr_line' id='line_1_30' title="bbox 207 2693 1191 2770; baseline 0 -20"><span class='ocrx_word' id='word_1_239' title='bbox 207 2703 321 2768; x_wconf 78' lang='lat' dir='ltr'>quantae</span> <span class='ocrx_word' id='word_1_240' title='bbox 336 2705 420 2769; x_wconf 86' lang='lat' dir='ltr'>atquc</span> <span class='ocrx_word' id='word_1_241' title='bbox 433 2695 519 2770; x_wconf 79' lang='lat' dir='ltr'>qudrn</span> <span class='ocrx_word' id='word_1_242' title='bbox 534 2697 631 2753; x_wconf 79' lang='lat' dir='ltr'>multe</span> <span class='ocrx_word' id='word_1_243' title='bbox 645 2698 728 2755; x_wconf 89' lang='lat' dir='ltr'>suntl</span> <span class='ocrx_word' id='word_1_244' title='bbox 768 2697 837 2755; x_wconf 91' lang='lat' dir='ltr'>Non</span> <span class='ocrx_word' id='word_1_245' title='bbox 859 2697 937 2755; x_wconf 88' lang='lat' dir='ltr'>enim</span> <span class='ocrx_word' id='word_1_246' title='bbox 958 2693 1051 2754; x_wconf 81' lang='lat' dir='ltr'>soliim</span> <span class='ocrx_word' id='word_1_247' title='bbox 1065 2695 1191 2752; x_wconf 89' lang='lat' dir='ltr'>bellandi</span> 
     </span>
    </p>

    <p class='ocr_par' dir='ltr' id='par_1_4' title="bbox 157 2771 1194 3164">
     <span class='ocr_line' id='line_1_31' title="bbox 157 2771 1194 2851; baseline 0.002 -24"><span class='ocrx_word' id='word_1_248' title='bbox 157 2785 194 2840; x_wconf 82' lang='lat'>30</span> <span class='ocrx_word' id='word_1_249' title='bbox 207 2772 297 2828; x_wconf 91' lang='lat' dir='ltr'>virtus</span> <span class='ocrx_word' id='word_1_250' title='bbox 318 2771 348 2829; x_wconf 91' lang='lat' dir='ltr'>in</span> <span class='ocrx_word' id='word_1_251' title='bbox 375 2792 486 2832; x_wconf 89' lang='lat' dir='ltr'>summo</span> <span class='ocrx_word' id='word_1_252' title='bbox 507 2783 592 2849; x_wconf 88' lang='lat' dir='ltr'>atque</span> <span class='ocrx_word' id='word_1_253' title='bbox 612 2775 740 2850; x_wconf 81' lang='lat' dir='ltr'>perfectu</span> <span class='ocrx_word' id='word_1_254' title='bbox 766 2775 935 2851; x_wconf 89' lang='lat' dir='ltr'>imperatore</span> <span class='ocrx_word' id='word_1_255' title='bbox 961 2773 1114 2850; x_wconf 83' lang='lat' dir='ltr'>quaerenda</span> <span class='ocrx_word' id='word_1_256' title='bbox 1133 2783 1194 2842; x_wconf 86' lang='lat' dir='ltr'>est;</span> 
     </span>
     <span class='ocr_line' id='line_1_32' title="bbox 208 2850 1193 2928; baseline 0.003 -22"><span class='ocrx_word' id='word_1_257' title='bbox 208 2850 259 2906; x_wconf 90' lang='lat' dir='ltr'>sed</span> <span class='ocrx_word' id='word_1_258' title='bbox 272 2850 369 2907; x_wconf 85' lang='lat' dir='ltr'>multae</span> <span class='ocrx_word' id='word_1_259' title='bbox 391 2860 457 2908; x_wconf 90' lang='lat' dir='ltr'>sunt</span> <span class='ocrx_word' id='word_1_260' title='bbox 471 2862 547 2909; x_wconf 88' lang='lat' dir='ltr'>artes</span> <span class='ocrx_word' id='word_1_261' title='bbox 567 2852 690 2923; x_wconf 77' lang='lat' dir='ltr'>eximiae,</span> <span class='ocrx_word' id='word_1_262' title='bbox 713 2853 798 2928; x_wconf 83' lang='lat' dir='ltr'>hujus</span> <span class='ocrx_word' id='word_1_263' title='bbox 821 2853 995 2911; x_wconf 73' lang='lat' dir='ltr'>administra</span> <span class='ocrx_word' id='word_1_264' title='bbox 1018 2852 1193 2926; x_wconf 85' lang='lat' dir='ltr'>comitesque</span> 
     </span>
     <span class='ocr_line' id='line_1_33' title="bbox 208 2927 1193 3006; baseline 0.002 -22"><span class='ocrx_word' id='word_1_265' title='bbox 208 2928 330 2986; x_wconf 87' lang='lat' dir='ltr'>virtutis.</span> <span class='ocrx_word' id='word_1_266' title='bbox 372 2930 430 2999; x_wconf 88' lang='lat' dir='ltr'>Ac,</span> <span class='ocrx_word' id='word_1_267' title='bbox 444 2927 579 3005; x_wconf 80' lang='lat' dir='ltr'>primiim,</span> <span class='ocrx_word' id='word_1_268' title='bbox 593 2931 700 3006; x_wconf 72' lang='lat' dir='ltr'>quanti</span> <span class='ocrx_word' id='word_1_269' title='bbox 722 2931 887 2990; x_wconf 74' lang='lat' dir='ltr'>innocentii</span> <span class='ocrx_word' id='word_1_270' title='bbox 909 2932 1015 2989; x_wconf 91' lang='lat' dir='ltr'>debent</span> <span class='ocrx_word' id='word_1_271' title='bbox 1029 2950 1092 2987; x_wconf 90' lang='lat' dir='ltr'>esse</span> <span class='ocrx_word' id='word_1_272' title='bbox 1106 2930 1193 3004; x_wconf 91' lang='lat' dir='ltr'>impe-</span> 
     </span>
     <span class='ocr_line' id='line_1_34' title="bbox 207 3007 1191 3084; baseline -0.001 -20"><span class='ocrx_word' id='word_1_273' title='bbox 207 3007 331 3064; x_wconf 89' lang='lat' dir='ltr'>ratores!</span> <span class='ocrx_word' id='word_1_274' title='bbox 366 3007 474 3081; x_wconf 77' lang='lat' dir='ltr'>quanta</span> <span class='ocrx_word' id='word_1_275' title='bbox 507 3007 612 3066; x_wconf 89' lang='lat' dir='ltr'>deinde</span> <span class='ocrx_word' id='word_1_276' title='bbox 644 3009 777 3067; x_wconf 89' lang='lat' dir='ltr'>omnibus</span> <span class='ocrx_word' id='word_1_277' title='bbox 805 3009 836 3068; x_wconf 91' lang='lat' dir='ltr'>in</span> <span class='ocrx_word' id='word_1_278' title='bbox 868 3011 954 3068; x_wconf 90' lang='lat' dir='ltr'>rebus</span> <span class='ocrx_word' id='word_1_279' title='bbox 986 3007 1191 3084; x_wconf 74' lang='lat' dir='ltr'>temperantia!</span> 
     </span>
     <span class='ocr_line' id='line_1_35' title="bbox 207 3084 1194 3164; baseline 0.001 -23"><span class='ocrx_word' id='word_1_280' title='bbox 207 3084 315 3159; x_wconf 77' lang='lat' dir='ltr'>quautd</span> <span class='ocrx_word' id='word_1_281' title='bbox 329 3085 400 3142; x_wconf 89' lang='lat' dir='ltr'>fide!</span> <span class='ocrx_word' id='word_1_282' title='bbox 430 3087 537 3160; x_wconf 65' lang='lat' dir='ltr'>quantit</span> <span class='ocrx_word' id='word_1_283' title='bbox 559 3086 712 3145; x_wconf 78' lang='lat' dir='ltr'>facilitate!</span> <span class='ocrx_word' id='word_1_284' title='bbox 734 3098 841 3163; x_wconf 87' lang='lat' dir='ltr'>quanto</span> <span class='ocrx_word' id='word_1_285' title='bbox 861 3088 994 3164; x_wconf 76' lang='lat' dir='ltr'>ingenio!</span> <span class='ocrx_word' id='word_1_286' title='bbox 1015 3086 1123 3162; x_wconf 75' lang='lat' dir='ltr'>quanta</span> <span class='ocrx_word' id='word_1_287' title='bbox 1143 3086 1194 3142; x_wconf 90' lang='lat' dir='ltr'>hu·</span> 
     </span>
    </p>

    <p class='ocr_par' dir='ltr' id='par_1_5' title="bbox 157 3163 1252 3476">
     <span class='ocr_line' id='line_1_36' title="bbox 157 3163 1194 3242; baseline 0.001 -23"><span class='ocrx_word' id='word_1_288' title='bbox 157 3176 193 3230; x_wconf 83' lang='lat'>35</span> <span class='ocrx_word' id='word_1_289' title='bbox 208 3163 362 3221; x_wconf 80' lang='lat' dir='ltr'>munitate!</span> <span class='ocrx_word' id='word_1_290' title='bbox 390 3164 477 3235; x_wconf 81' lang='lat' dir='ltr'>Quae,</span> <span class='ocrx_word' id='word_1_291' title='bbox 499 3165 633 3236; x_wconf 89' lang='lat' dir='ltr'>breviter,</span> <span class='ocrx_word' id='word_1_292' title='bbox 655 3166 752 3242; x_wconf 87' lang='lat' dir='ltr'>qualia</span> <span class='ocrx_word' id='word_1_293' title='bbox 772 3167 829 3225; x_wconf 91' lang='lat' dir='ltr'>sint</span> <span class='ocrx_word' id='word_1_294' title='bbox 850 3167 880 3224; x_wconf 92' lang='lat' dir='ltr'>in</span> <span class='ocrx_word' id='word_1_295' title='bbox 897 3167 952 3224; x_wconf 84' lang='lat' dir='ltr'>Gn.</span> <span class='ocrx_word' id='word_1_296' title='bbox 967 3165 1112 3241; x_wconf 88' lang='lat' dir='ltr'>Pompeio,</span> <span class='ocrx_word' id='word_1_297' title='bbox 1127 3183 1194 3220; x_wconf 91' lang='lat' dir='ltr'>con·</span> 
     </span>
     <span class='ocr_line' id='line_1_37' title="bbox 207 3241 1194 3316; baseline 0.001 -19"><span class='ocrx_word' id='word_1_298' title='bbox 207 3241 374 3298; x_wconf 79' lang='lat' dir='ltr'>sideramus.</span> <span class='ocrx_word' id='word_1_299' title='bbox 417 3242 537 3300; x_wconf 86' lang='lat' dir='ltr'>Summa</span> <span class='ocrx_word' id='word_1_300' title='bbox 565 3244 643 3301; x_wconf 89' lang='lat' dir='ltr'>enim</span> <span class='ocrx_word' id='word_1_301' title='bbox 672 3245 769 3303; x_wconf 89' lang='lat' dir='ltr'>omnia</span> <span class='ocrx_word' id='word_1_302' title='bbox 798 3255 874 3316; x_wconf 92' lang='lat' dir='ltr'>sunt,</span> <span class='ocrx_word' id='word_1_303' title='bbox 899 3245 1049 3306; x_wconf 81' lang='lat' dir='ltr'>Quirites:</span> <span class='ocrx_word' id='word_1_304' title='bbox 1078 3243 1129 3300; x_wconf 92' lang='lat' dir='ltr'>sed</span> <span class='ocrx_word' id='word_1_305' title='bbox 1158 3260 1194 3298; x_wconf 88' lang='lat' dir='ltr'>ea</span> 
     </span>
     <span class='ocr_line' id='line_1_38' title="bbox 207 3316 1252 3401; baseline 0.001 -25"><span class='ocrx_word' id='word_1_306' title='bbox 207 3319 301 3396; x_wconf 86' lang='lat' dir='ltr'>magis</span> <span class='ocrx_word' id='word_1_307' title='bbox 321 3339 357 3377; x_wconf 85' lang='lat' dir='ltr'>ex</span> <span class='ocrx_word' id='word_1_308' title='bbox 373 3320 492 3379; x_wconf 89' lang='lat' dir='ltr'>aliorum</span> <span class='ocrx_word' id='word_1_309' title='bbox 507 3323 700 3395; x_wconf 86' lang='lat' dir='ltr'>contentione,</span> <span class='ocrx_word' id='word_1_310' title='bbox 714 3322 801 3399; x_wconf 81' lang='lat' dir='ltr'>qudm</span> <span class='ocrx_word' id='word_1_311' title='bbox 823 3324 885 3401; x_wconf 88' lang='lat' dir='ltr'>ipsa</span> <span class='ocrx_word' id='word_1_312' title='bbox 904 3344 955 3400; x_wconf 91' lang='lat' dir='ltr'>per</span> <span class='ocrx_word' id='word_1_313' title='bbox 969 3343 1042 3395; x_wconf 87' lang='lat' dir='ltr'>sese,</span> <span class='ocrx_word' id='word_1_314' title='bbox 1057 3319 1198 3399; x_wconf 85' lang='lat' dir='ltr'>cognosci</span> <span class='ocrx_word' id='word_1_315' title='bbox 1248 3316 1252 3321; x_wconf 82' lang='grc'>’</span> 
     </span>
     <span class='ocr_line' id='line_1_39' title="bbox 208 3398 565 3476; baseline 0.008 -21"><span class='ocrx_word' id='word_1_316' title='bbox 208 3408 293 3473; x_wconf 90' lang='lat' dir='ltr'>atque</span> <span class='ocrx_word' id='word_1_317' title='bbox 306 3398 427 3476; x_wconf 83' lang='lat' dir='ltr'>intelligi</span> <span class='ocrx_word' id='word_1_318' title='bbox 440 3409 565 3475; x_wconf 82' lang='lat' dir='ltr'>possunt</span> 
     </span>
    </p>

    <p class='ocr_par' dir='ltr' id='par_1_6' title="bbox 245 3476 1208 3556">
     <span class='ocr_line' id='line_1_40' title="bbox 245 3476 1208 3556; baseline -0.004 -20"><span class='ocrx_word' id='word_1_319' title='bbox 245 3476 345 3536; x_wconf 80' lang='lat' dir='ltr'>Quem</span> <span class='ocrx_word' id='word_1_320' title='bbox 359 3477 436 3536; x_wconf 91' lang='lat' dir='ltr'>euim</span> <span class='ocrx_word' id='word_1_321' title='bbox 456 3497 605 3554; x_wconf 90' lang='lat' dir='ltr'>possumus</span> <span class='ocrx_word' id='word_1_322' title='bbox 627 3478 826 3556; x_wconf 83' lang='lat' dir='ltr'>imperatorem</span> <span class='ocrx_word' id='word_1_323' title='bbox 847 3480 943 3556; x_wconf 90' lang='lat' dir='ltr'>aliquo</span> <span class='ocrx_word' id='word_1_324' title='bbox 960 3479 991 3537; x_wconf 93' lang='lat' dir='ltr'>in</span> <span class='ocrx_word' id='word_1_325' title='bbox 1011 3495 1208 3553; x_wconf 52' lang='lat' dir='ltr'>numeropus</span> 
     </span>
    </p>

    <p class='ocr_par' dir='ltr' id='par_1_7' title="bbox 158 3553 1197 3948">
     <span class='ocr_line' id='line_1_41' title="bbox 158 3553 1192 3633; baseline 0.002 -24"><span class='ocrx_word' id='word_1_326' title='bbox 158 3553 279 3624; x_wconf 72' lang='lat' dir='ltr'>dotare,</span> <span class='ocrx_word' id='word_1_327' title='bbox 294 3554 377 3631; x_wconf 89' lang='lat' dir='ltr'>cujus</span> <span class='ocrx_word' id='word_1_328' title='bbox 391 3557 420 3613; x_wconf 91' lang='lat' dir='ltr'>in</span> <span class='ocrx_word' id='word_1_329' title='bbox 435 3557 564 3615; x_wconf 85' lang='lat' dir='ltr'>exercitu</span> <span class='ocrx_word' id='word_1_330' title='bbox 577 3568 701 3617; x_wconf 84' lang='lat' dir='ltr'>veneant</span> <span class='ocrx_word' id='word_1_331' title='bbox 722 3559 900 3617; x_wconf 85' lang='lat' dir='ltr'>centuriatus</span> <span class='ocrx_word' id='word_1_332' title='bbox 924 3568 1008 3633; x_wconf 90' lang='lat' dir='ltr'>atque</span> <span class='ocrx_word' id='word_1_333' title='bbox 1031 3556 1192 3614; x_wconf 85' lang='lat' dir='ltr'>venierintl</span> 
     </span>
     <span class='ocr_line' id='line_1_42' title="bbox 208 3631 1193 3713; baseline 0.001 -26"><span class='ocrx_word' id='word_1_334' title='bbox 208 3631 276 3706; x_wconf 91' lang='lat' dir='ltr'>quid</span> <span class='ocrx_word' id='word_1_335' title='bbox 303 3633 382 3691; x_wconf 88' lang='lat' dir='ltr'>hunc</span> <span class='ocrx_word' id='word_1_336' title='bbox 409 3635 554 3693; x_wconf 89' lang='lat' dir='ltr'>hominem</span> <span class='ocrx_word' id='word_1_337' title='bbox 581 3655 719 3713; x_wconf 85' lang='lat' dir='ltr'>magnum</span> <span class='ocrx_word' id='word_1_338' title='bbox 747 3649 796 3696; x_wconf 91' lang='lat' dir='ltr'>aut</span> <span class='ocrx_word' id='word_1_339' title='bbox 818 3638 943 3713; x_wconf 85' lang='lat' dir='ltr'>amplum</span> <span class='ocrx_word' id='word_1_340' title='bbox 966 3638 1055 3694; x_wconf 90' lang='lat' dir='ltr'>dere</span> <span class='ocrx_word' id='word_1_341' title='bbox 1076 3631 1193 3709; x_wconf 73' lang='lat' dir='ltr'>publica</span> 
     </span>
     <span class='ocr_line' id='line_1_43' title="bbox 209 3709 1194 3792; baseline 0.001 -26"><span class='ocrx_word' id='word_1_342' title='bbox 209 3709 346 3783; x_wconf 86' lang='lat' dir='ltr'>cogitare,</span> <span class='ocrx_word' id='word_1_343' title='bbox 370 3711 418 3786; x_wconf 92' lang='lat' dir='ltr'>qui</span> <span class='ocrx_word' id='word_1_344' title='bbox 439 3715 603 3788; x_wconf 90' lang='lat' dir='ltr'>pecuniam,</span> <span class='ocrx_word' id='word_1_345' title='bbox 625 3734 661 3773; x_wconf 86' lang='lat' dir='ltr'>ex</span> <span class='ocrx_word' id='word_1_346' title='bbox 685 3717 785 3774; x_wconf 81' lang='lat' dir='ltr'>erario</span> <span class='ocrx_word' id='word_1_347' title='bbox 808 3717 1001 3792; x_wconf 85' lang='lat' dir='ltr'>depromptam</span> <span class='ocrx_word' id='word_1_348' title='bbox 1026 3715 1063 3771; x_wconf 89' lang='lat' dir='ltr'>ad</span> <span class='ocrx_word' id='word_1_349' title='bbox 1086 3712 1194 3769; x_wconf 90' lang='lat' dir='ltr'>bellum</span> 
     </span>
     <span class='ocr_line' id='line_1_44' title="bbox 210 3786 1196 3869; baseline 0.001 -26"><span class='ocrx_word' id='word_1_350' title='bbox 210 3786 477 3861; x_wconf 87' lang='lat' dir='ltr'>administrandum,</span> <span class='ocrx_word' id='word_1_351' title='bbox 500 3800 558 3861; x_wconf 89' lang='lat' dir='ltr'>aut,</span> <span class='ocrx_word' id='word_1_352' title='bbox 572 3804 684 3867; x_wconf 88' lang='lat' dir='ltr'>propter</span> <span class='ocrx_word' id='word_1_353' title='bbox 707 3795 893 3869; x_wconf 85' lang='lat' dir='ltr'>cupiditatem</span> <span class='ocrx_word' id='word_1_354' title='bbox 914 3793 1077 3869; x_wconf 76' lang='lat' dir='ltr'>provincie,</span> <span class='ocrx_word' id='word_1_355' title='bbox 1091 3789 1196 3866; x_wconf 79' lang='lat' dir='ltr'>magis-</span> 
     </span>
     <span class='ocr_line' id='line_1_45' title="bbox 209 3864 1197 3948; baseline 0.002 -25"><span class='ocrx_word' id='word_1_356' title='bbox 209 3864 331 3924; x_wconf 87' lang='lat' dir='ltr'>tratibus</span> <span class='ocrx_word' id='word_1_357' title='bbox 344 3866 481 3940; x_wconf 87' lang='lat' dir='ltr'>diviserit,</span> <span class='ocrx_word' id='word_1_358' title='bbox 496 3879 546 3928; x_wconf 91' lang='lat' dir='ltr'>aut</span> <span class='ocrx_word' id='word_1_359' title='bbox 557 3880 669 3948; x_wconf 89' lang='lat' dir='ltr'>propter</span> <span class='ocrx_word' id='word_1_360' title='bbox 684 3873 833 3931; x_wconf 87' lang='lat' dir='ltr'>avaritiam</span> <span class='ocrx_word' id='word_1_361' title='bbox 854 3872 957 3930; x_wconf 75' lang='lat' dir='ltr'>Roma</span> <span class='ocrx_word' id='word_1_362' title='bbox 971 3872 1003 3930; x_wconf 91' lang='lat' dir='ltr'>in</span> <span class='ocrx_word' id='word_1_363' title='bbox 1022 3880 1133 3947; x_wconf 78' lang='lat' dir='ltr'>questu</span> <span class='ocrx_word' id='word_1_364' title='bbox 1152 3886 1197 3926; x_wconf 88' lang='lat' dir='ltr'>rc·</span> 
     </span>
    </p>
   </div>
   <div class='ocr_carea' id='block_1_3' title="bbox 0 0 1356 4464">
    <p class='ocr_par' dir='ltr' id='par_1_8' title="bbox 0 0 1356 4464">
     <span class='ocr_line' id='line_1_46' title="bbox 0 0 1356 4464; baseline 0 0"><span class='ocrx_word' id='word_1_365' title='bbox 0 0 1356 4464; x_wconf 95' lang='lat' dir='ltr'> </span> 
     </span>
    </p>
   </div>
  </div>
 </body>
</html>
