2658 4468
405 376 542 435 ORA‘TIO
564 384 602 434 IN
623 385 663 435 Μ.
686 385 889 439 ANTONIUM.
1124 388 1183 458 152

180 522 210 581 0
224 542 289 581 mea
303 524 407 585 frustra
420 544 532 600 semper
546 528 694 585 verissima
708 528 829 604 auguria
841 548 938 586 rerum
953 529 1130 588 futurarum!

141 600 285 659 Dicebam
301 603 357 659 illis
371 603 401 660 in
418 603 561 680 Capitolio
582 606 782 664 liberatoribus
805 607 920 678 nostris,
934 605 1004 665 cirm
1026 627 1072 665 me
1095 608 1132 669 ad

140 689 169 736 te
181 681 223 738 ire
234 681 349 752 vellent,
361 691 393 739 ut
407 682 442 738 ad
454 682 666 740 defendendam
680 685 888 761 rempublicam
901 697 930 743 te
945 687 1129 758 adhortarer3

139 759 236 833 quoad
257 769 410 833 metueres,
431 761 529 819 omnia
548 770 577 818 te
598 763 819 837 promissurum
854 764 939 822 simul
967 783 1002 822 ao
1030 765 1131 822 timere

139 835 276 908 desisses,
296 838 419 895 similem
439 848 468 897 te
488 839 615 897 futurum
636 839 686 898 tui.
728 839 840 916 Itaque,
856 840 925 900 crim
945 842 1042 900 ceteri
1063 862 1132 900 eon·
1162 850 1180 904 5

139 915 252 973 sulares
264 916 349 986 irent,
362 917 500 988 redirent,
514 917 545 974 in
563 917 708 977 seutentid
721 919 832 977 mansi:
853 938 947 995 neque
968 930 996 977 te
1010 921 1059 979 illo
1072 922 1130 993 die,

140 1012 236 1068 neque
253 1004 377 1069 postero,
391 994 449 1052 vidi
458 1015 466 1065 ;
487 1014 581 1071 neque
599 997 688 1054 ullam
701 997 869 1054 societatem
889 997 1004 1072 optimis
1019 998 1131 1059 civibus

139 1090 209 1129 cum
224 1072 466 1147 importunissimo
478 1073 560 1133 hoste
573 1075 679 1132 soedere
704 1074 763 1133 ullo
776 1075 940 1132 confirmari
963 1094 1047 1151 posse
1070 1096 1132 1134 ors·

140 1149 213 1209 didi.
254 1150 324 1209 Post
337 1151 415 1211 diem
427 1152 544 1210 tertium
565 1153 631 1210 veni
653 1152 684 1210 in
699 1154 791 1211 sedem
813 1153 950 1224 Telluris,
965 1164 994 1211 et
1015 1154 1131 1229 quidem

140 1227 258 1301 invitus,
273 1226 342 1287 edm
355 1248 455 1289 omnes
469 1230 563 1289 aditus
577 1231 679 1290 armati
697 1232 872 1289 obsiderent.
912 1231 976 1293 Qui
997 1232 1049 1289 tibi
1069 1233 1180 1295 dies'10

139 1306 199 1377 ille,
214 1305 256 1365 Μ.
272 1308 393 1378 Antoni,
403 1307 483 1379 ¹fuitl
523 1308 701 1385 Quanquam
721 1309 792 1368 mihi
810 1307 907 1369 subitb
928 1310 1064 1369 inimicus
1083 1330 1131 1369 ex·

138 1385 247 1456 stitisti,
261 1395 358 1444 tamen
372 1405 419 1443 me
432 1386 474 1445 tui
488 1387 613 1457 miseret,
627 1387 704 1463 qudd
718 1388 770 1449 tibi
785 1388 931 1446 invideris.

180 1463 328 1522 XXXVI.
368 1464 432 1527 Qui
452 1465 549 1535 tavit,
565 1465 629 1543 (Dii
650 1466 855 1542 immortalesl)
877 1477 906 1525 et
919 1478 1043 1543 quantus
1063 1467 1132 1525 fuis-

138 1560 196 1613 ses,
211 1542 235 1599 si
249 1542 326 1600 illius
339 1543 397 1601 diei
411 1554 537 1601 mentem
551 1562 663 1607 servare
682 1545 841 1620 potuissesl
882 1545 990 1607 Pacem
1011 1547 1131 1603 babere-

138 1638 214 1691 mus,
228 1631 366 1695 quaerat
380 1622 456 1679 sacta
476 1641 526 1698 per
545 1622 686 1694 obsidem,
699 1643 821 1700 puerum
841 1624 979 1694 nobilem,
996 1622 1053 1701 [M.
1068 1625 1179 1687 ran-15

138 1698 211 1756 tonii
233 1699 347 1835 filimi]
364 1699 406 1757 M.
429 1700 625 1759 Bambalionis
646 1712 789 1776 nepotem.
829 1702 1007 1776 Quanquam
1032 1713 1059 1759 te
1081 1703 1130 1761 bo-

138 1795 210 1837 num
223 1777 307 1835 timor
337 1778 461 1849 aciebat,
475 1797 534 1839 non
556 1779 708 1837 diuturnus
729 1780 865 1856 magister
888 1781 995 1849 officii3
1027 1781 1131 1856 impro-

139 1853 209 1913 bum
223 1855 292 1913 lecit
304 1875 350 1927 ea,
364 1876 439 1932 que,
453 1857 522 1919 dum
536 1858 621 1917 timor
635 1858 726 1930 abest,
741 1870 800 1919 ate
814 1878 872 1917 non
893 1859 1027 1930 discedit,
1042 1860 1129 1917 auda·

138 1933 196 1991 cia.
237 1934 301 1992 Etsi
315 1945 386 2006 tum,
401 1933 470 1992 cirm
483 1936 623 2011 optimum
637 1946 666 1993 te
687 1938 827 2012 putabant
849 1935 910 2027 (me
933 1938 1050 2012 quidem
1071 1937 1128 1995 dis·

138 2012 308 2091 sentiente),
323 2013 417 2071 funeri
439 2013 563 2088 tyranni,
577 2014 602 2071 si
627 2015 713 2075 funus
737 2016 807 2074 illud
821 2015 884 2088 luit,
907 2014 1127 2074 sceleratissimi
1142 2025 1179 2085 20

136 2091 293 2166 pressisti:
315 2103 365 2151 tua
378 2093 427 2151 illa
441 2093 563 2168 pulchra
576 2093 713 2164 laudatio,
724 2103 775 2153 tua
787 2094 944 2165 miseratio,
958 2105 1010 2153 tua
1029 2095 1129 2152 eohor-

137 2169 217 2227 tatio.
260 2171 319 2241 Tu,
333 2180 374 2240 tu,
390 2171 516 2246 inquam,
531 2171 595 2229 illas
615 2171 695 2229 faces
715 2172 880 2244 incendisti,
901 2184 931 2231 et
951 2191 1011 2242 eas,
1024 2173 1129 2247 quibus

136 2248 354 2308 semiustulatus
368 2250 416 2309 illa
429 2259 482 2319 est,
497 2258 527 2306 et
546 2268 606 2320 eas,
620 2250 724 2324 quibas
745 2251 866 2308 incensa
886 2250 920 2307 L.
935 2249 1060 2308 Bellieni
1079 2251 1129 2308 do·

137 2344 204 2383 mus
224 2327 398 2403 deflagravit.
440 2327 490 2385 Tu
505 2327 567 2385 illos
585 2328 708 2403 impetus
721 2327 897 2403 perditorum
913 2328 1073 2398 hominurn,
1087 2338 1126 2400 et,

136 2423 176 2461 ex
188 2406 315 2464 maxima
327 2416 418 2481 parte,
432 2425 588 2476 servorum,
602 2425 674 2482 quos
687 2424 740 2465 uos
754 2406 782 2463 vi
795 2423 940 2481 manuque
960 2406 1127 2482 repulimus,
1141 2405 1178 2461 25

137 2483 169 2543 in
184 2494 295 2541 nostras
308 2485 407 2543 domos
421 2484 573 2542 immisisti

179 2561 262 2619 Idem
282 2573 391 2633 tamen,
413 2563 495 2638 quasi
523 2561 644 2638 fuligine
668 2561 806 2632 abstersit,
826 2559 943 2637 reliquis
968 2561 1071 2619 diebus
1097 2561 1128 2620 in

136 2639 282 2715 Capitolio
294 2641 433 2716 preclara
446 2640 708 2705 senatus-consulta
728 2640 832 2711 iecisti,
847 2659 884 2697 ne
904 2659 961 2716 qua
973 2651 1037 2716 post
1057 2641 1128 2699 Idus

137 2717 260 2776 Martias
280 2719 469 2779 immunitatis
490 2719 597 2790 tabula,
612 2738 685 2775 nere
705 2719 874 2794 cujusquam
895 2719 1040 2790 beneficii,
1060 2720 1128 2796 fige·

136 2807 224 2854 retur.
267 2797 427 2855 Meministi
451 2797 521 2872 ipse,
543 2798 579 2854 de
600 2797 756 2867 exsulibus,
781 2798 849 2869 scis,
874 2798 911 2859 de
934 2798 1126 2870 immunitate,
1140 2797 1177 2852 30

136 2875 207 2950 quid
221 2876 335 2934 dixeris.
376 2875 525 2951 Optimum
540 2874 618 2946 verb,
632 2874 709 2951 qudd
723 2876 874 2935 dictatore
894 2878 1045 2938 nomeniu
1065 2897 1128 2953 per·

135 2964 255 3028 petuum
277 2955 313 3013 de
333 2953 482 3029 republicb
503 2954 650 3012 sustulisti.
691 2953 762 3017 Quo
781 2955 898 3030 quidem
909 2955 995 3015 'sacto
1014 2966 1127 3013 tantum

135 3043 166 3089 te
187 3033 299 3107 cepisse
318 3033 417 3089 odiam
438 3031 520 3107 regni
540 3033 701 3103 videbatur,
722 3033 836 3109 atejus
864 3053 992 3105 omnem,
1012 3046 1127 3111 propter

135 3111 297 3184 proximum
312 3111 492 3179 dictatorem,
507 3109 621 3167 tolleres
634 3120 751 3167 metum.

177 3188 343 3246 Constituta
356 3188 519 3263 respublica
529 3188 679 3249 videbatur
694 3188 768 3259 aliis,
779 3189 850 3246 mihi
864 3187 932 3247 vero
941 3189 1020 3246 nullo
1031 3189 1125 3256 modo,
1140 3198 1176 3252 35

135 3267 185 3342 qui
206 3267 313 3335 omnia,
329 3277 356 3323 te
376 3267 567 3343 gubernante,
589 3266 740 3342 naufragia
765 3267 937 3325 metuebam.
980 3265 1059 3323 Num
1080 3285 1127 3324 me

135 3345 225 3420 igitar
246 3345 369 3403 fefellitl
391 3355 441 3404 aut
461 3363 531 3403 num
551 3344 660 3403 diutius
680 3343 725 3401 sui
751 3345 843 3418 potuit
869 3363 933 3403 esse
959 3343 1126 3401 dissimilisl

136 3423 371 3499 Inspectantibus
391 3423 481 3492 vobis,
501 3432 561 3479 toto
581 3422 725 3497 Capitolio
745 3423 850 3478 tabulae
870 3422 1049 3498 figebantur:
1078 3440 1127 3478 ne·

134 3521 191 3577 que
205 3498 298 3558 soliim
317 3501 439 3577 singulis
459 3500 596 3558 venibant
616 3499 820 3570 immunitates,
835 3500 886 3556 sed
907 3499 994 3557 etiam
1014 3500 1127 3574 populis

134 3579 286 3638 universis.
327 3579 439 3637 Civitas
452 3597 511 3637 non
528 3578 588 3653 jam
609 3577 786 3653 singillatim,
801 3578 852 3634 sed
873 3576 1028 3653 provinciis
1048 3578 1124 3650 totis,
1140 3585 1176 3650 4ο

134 3659 267 3716 dabatur.
310 3657 422 3732 ltaque,
437 3656 539 3714 sibae
554 3666 672 3713 manent
687 3653 764 3730 (quae
784 3666 879 3714 stante
898 3655 1048 3731 republica
1068 3676 1126 3714 ma·

134 3755 206 3794 nere
227 3755 286 3793 non
308 3737 450 3814 possunt),
472 3734 635 3810 provincias
655 3733 813 3804 universas,
835 3735 935 3793 Patres
949 3734 1123 3811 conscripti,

132 3814 298 3891 perdidistis
310 3833 319 3870 t
339 3833 432 3888 neque
446 3812 599 3889 vectigalia
613 3811 716 3881 saltim,
731 3813 883 3870 sedetiam
905 3814 1057 3889 imperium
1077 3835 1127 3892 po·-

132 3893 194 3969 puli
206 3892 346 3964 Romani,
360 3892 445 3968 bajus
459 3891 625 3957 domesticis
638 3890 778 3953 nundinis
790 3891 972 3955 deminutum
985 3901 1038 3955 est.
