2702 4464
395 333 531 383 ORATIO
553 333 601 381 111.
623 331 661 381 IN
684 332 715 381 L.
739 330 977 390 cnulmuuus*
1166 331 1209 390 29

183 477 234 534 sed
248 476 306 533 ita:
326 493 379 538 um
394 493 458 547 stu,
472 494 513 532 ux
528 493 567 531 so
582 493 669 537 euru
684 492 724 531 au
739 492 778 530 ru
793 492 871 544 ursr,
885 490 1067 530 coouoscus.
1098 469 1159 529 Cu·

183 573 234 625 us,
246 574 285 612 uu
296 573 347 610 vin
358 573 402 611 sis
413 574 421 623 ;
434 556 487 625 ur,
501 572 588 616 nunu
600 572 633 610 ru
643 571 746 611 uocuu
757 571 802 609 srs
813 569 1016 621 ruoausssus,
1028 568 1157 619 cuorum

183 651 223 689 nu
244 651 496 703 unimembrem
517 651 585 689 ursa
600 651 649 690 sm
668 649 815 688 uscsssu.
857 631 956 699 Curru,
971 647 1011 687 ur
1032 646 1158 685 ouuruu

182 729 247 767 ursi
258 706 382 772 Auximi
392 729 559 781 Auruncus,
571 728 669 767 lt't'lAM
681 727 865 767 rurruonuu.
899 708 1043 764 Gabinius
1053 706 1158 763 deinde

183 789 373 859 introductus,
388 787 455 846 cum
471 787 564 864 primb
579 788 758 864 impudenter
774 787 945 863 respondere
964 785 1106 860 coepisset,
1122 784 1159 840 ad
1190 781 1208 833 5

182 876 342 923 extremum
355 868 437 937 nihil,
452 886 488 923 ex
501 867 537 923 iis
551 885 614 940 quae
626 866 704 922 Galli
718 865 932 934 insimulabant,
946 863 1069 939 negavit
1111 862 1159 919 Ac

183 945 254 1001 milri
275 945 401 1018 quidem,
416 945 560 1014 Quirites,
574 943 643 1000 curn
663 944 713 999 illa
732 942 892 1017 cerfissima
911 952 978 998 sunt
997 941 1058 997 visa
1078 958 1160 1015 argu-

183 1033 282 1079 menta
296 1033 381 1096 atque
395 1023 505 1079 indicia
525 1022 652 1092 sceleris,
666 1021 788 1091 tabellae,
803 1022 895 1096 signa,
910 1038 1022 1089 manus,
1036 1019 1160 1091 denique

183 1101 411 1176 uniuscujusque
425 1100 575 1170 confessio,
586 1110 647 1156 tum
661 1098 751 1155 multo
763 1100 812 1156 illa
826 1099 957 1168 certiora,
972 1097 1058 1166 color,
1072 1096 1159 1166 oculi,

184 1179 288 1249 vultus,
299 1179 488 1235 taciturnitas.
524 1179 574 1235 Sic
585 1178 662 1234 enirn
675 1177 889 1252 obstupuerant,
901 1177 943 1233 sic
954 1187 1058 1232 terram
1069 1175 1160 1230 intue-
1175 1174 1209 1227 10

185 1258 298 1326 bantur,
313 1257 355 1313 sic
370 1256 466 1313 furtim
481 1274 684 1329 nonuunquam
709 1255 782 1312 inter
804 1275 835 1312 se
857 1254 1043 1330 aspiciebant,
1058 1262 1161 1309 utnon

182 1334 241 1409 jam
257 1335 292 1390 ab
307 1335 370 1390 aliis
385 1335 517 1404 indicari,
531 1335 581 1391 sed
596 1334 725 1390 indicare
738 1352 769 1389 se
784 1333 847 1408 ipsi,
862 1333 1033 1390 viderentur.

224 1412 277 1469 VI.
319 1412 440 1469 Iudiciis
466 1412 600 1487 expositis
627 1421 712 1484 atque
739 1412 833 1481 editis,
859 1411 1002 1480 Quirites,
1029 1418 1160 1465 senatum

185 1490 326 1561 consului,
346 1491 382 1547 de
403 1492 515 1547 summit
533 1510 564 1547 re
584 1490 701 1565 publicai
720 1490 788 1562 quid
809 1490 871 1546 fieri
890 1489 1025 1564 placeret.
1066 1487 1160 1544 Dictae

185 1579 252 1625 sunt
272 1587 289 1624 a
308 1569 485 1644 principibus
506 1570 652 1626 acerrimae
673 1586 708 1624 ac
732 1568 890 1625 fortissima
911 1566 1069 1637 sententiae,
1090 1584 1161 1640 quas
1176 1572 1210 1624 15

185 1657 302 1704 senatus
315 1647 377 1703 sine
388 1648 447 1704 ulla
457 1647 595 1703 varietate
609 1656 652 1702 est
666 1656 846 1702 consecutus.
880 1645 929 1715 Et,
943 1645 1077 1719 quoniam
1091 1663 1161 1701 uon-

185 1727 255 1781 dum
275 1736 318 1782 est
336 1725 526 1800 perscriptum
546 1724 845 1794 senatis-consultum,
860 1744 896 1781 ex
914 1723 1052 1780 memorii
1071 1723 1161 1793 vobis,

185 1803 327 1874 Quirites,
349 1804 417 1876 quid
438 1813 554 1860 senatus
578 1802 732 1872 censuerit,
753 1821 899 1896 exponam.
941 1798 1070 1858 Primum
1090 1801 1162 1858 mibi

187 1882 285 1956 gratiae
298 1882 392 1938 verbis
407 1881 588 1959 amplissimis
602 1891 735 1957 aguntur,
747 1882 824 1954 quod
838 1881 951 1950 virtute,
962 1880 1091 1949 consilio,
1101 1897 1163 1954 pro-

188 1959 313 2015 videntii
326 1959 402 2030 med,
416 1960 579 2034 respublica
591 1959 727 2035 periculis
737 1959 774 2016 sit
784 1958 915 2015 maximis
925 1959 1062 2015 liberata:
1084 1958 1163 2014 dein·
1176 1961 1212 2014 20

187 2038 224 2093 de
238 2037 271 2093 L.
286 2037 411 2094 Flaccus
425 2048 454 2095 et
467 2038 502 2094 C.
517 2038 695 2116 Pomptinus,
709 2049 852 2112 praetores,
867 2035 944 2111 qubd
965 2055 1063 2094 eorum
1076 2036 1162 2112 operd
1204 2062 1216 2075 =

188 2114 252 2171 forti
273 2115 407 2189 fidelique
427 2135 495 2173 usus
515 2136 618 2186 essem,
632 2114 734 2172 meritb
751 2135 785 2172 ac
802 2116 866 2191 jure
887 2115 1056 2172 laudantur:
1078 2125 1163 2189 atque

183 2194 274 2249 etiam
290 2194 348 2249 viro
362 2194 437 2263 forti,
451 2195 567 2270 collegae
588 2213 663 2264 meo,
676 2193 739 2251 laus
760 2192 928 2269 impertitur,
944 2192 1021 2267 quod
1041 2213 1099 2263 eos,
1114 2193 1163 2267 qui

190 2271 274 2344 hujus
295 2271 498 2345 conjurationis
517 2272 669 2348 participes
693 2272 821 2342 fuissent,
837 2292 854 2329 a
874 2272 933 2328 suis
953 2281 982 2328 et
999 2271 1163 2346 reipublicae

189 2348 317 2405 consiliis
338 2350 509 2405 removisset.
551 2351 647 2423 Atque
662 2351 702 2407 ita
715 2360 899 2420 censuerunt,
914 2360 946 2406 ut
965 2350 997 2406 P.
1013 2349 1163 2418 Lentulus,
1177 2355 1213 2408 25

190 2426 257 2483 oum
280 2445 310 2482 se
329 2427 451 2501 praeturb
472 2428 641 2499 abdicasset,
668 2439 730 2486 tum
750 2429 780 2485 in
808 2429 966 2485 custodiam
986 2428 1163 2496 traderetur3

189 2505 316 2578 itemque
331 2502 371 2561 uti
384 2505 418 2561 C.
430 2505 629 2582 Cethegus„L.
642 2507 783 2578 Statilius,
798 2507 825 2563 P.
844 2506 997 2576 Gabinius,
1007 2506 1056 2580 qui
1066 2524 1165 2562 omnes

187 2592 343 2658 praesentes
362 2594 455 2653 erant,
469 2585 498 2640 iu
519 2586 678 2642 custodiam
697 2587 896 2643 traderentur:
919 2595 1004 2660 atque
1019 2585 1095 2642 idem
1110 2586 1165 2641 hoc

189 2663 337 2718 decretum
352 2672 395 2718 est
415 2661 444 2718 in
465 2661 498 2718 L.
515 2663 658 2734 Cassium,
674 2665 722 2738 qui
740 2665 795 2721 sibi
815 2663 1043 2740 procurationem
1068 2664 1166 2721 incen-

188 2740 289 2796 dendae
304 2739 390 2797 Urbis
404 2741 625 2816 depoposcerat3
648 2743 677 2799 in
692 2743 733 2798 M.
749 2744 922 2819 Caepariuur‚
937 2743 995 2814 cui,
1012 2744 1047 2799 ad
1062 2743 1165 2800 sollici·
1179 2751 1214 2804 30

129 2878 134 2887 ,
188 2819 289 2876 tandos
311 2829 438 2893 pastores
462 2821 601 2895 Apuliam
622 2839 685 2878 esse
709 2822 883 2892 attributam,
904 2832 966 2878 erat
986 2823 1164 2889 indicatum3

189 2896 219 2953 in
232 2896 265 2952 P.
280 2896 411 2966 Furium,
426 2898 475 2971 qui
488 2910 533 2956 est
550 2918 586 2956 ex
606 2898 651 2955 his
671 2900 788 2969 colonis,
803 2919 874 2972 quos
893 2900 1015 2957 Fesulas
1034 2901 1068 2957 L.
1084 2899 1167 2955 Sulla

189 2976 324 3044 deduxit3
346 2975 376 3032 iu
389 2976 429 3037 Q.
445 2976 589 3034 Manlium
604 2977 766 3046 Chilonem,
778 2979 836 3050 qui,
847 2980 905 3036 und
917 2998 983 3036 cum
997 2980 1052 3036 hoc
1066 2977 1165 3046 Furio,

188 3072 298 3128 semper
322 3065 384 3110 erat
407 3055 437 3111 in
461 3056 516 3111 hac
537 3056 725 3131 Allobrogum
745 3056 944 3113 sollicitatione
967 3067 1113 3126 versatus3
1135 3057 1165 3113 iu

189 3130 221 3186 P.
243 3130 431 3203 Umbrenum,
452 3133 618 3190 libertinum
639 3134 826 3204 hominem,a
846 3154 902 3208 quo
918 3134 1043 3210 primum
1067 3136 1166 3192 Gallos
1180 3140 1216 3195 35

190 3210 226 3265 ad
249 3209 405 3267 Gabinium
428 3212 581 3286 perductos
601 3231 664 3268 esse
685 3214 841 3270 constabat.
884 3214 981 3287 Atque
995 3213 1030 3270 ed
1048 3214 1188 3270 lenitate.
1231 3208 1236 3221 ’

189 3298 305 3344 senatus
319 3299 363 3345 est
376 3308 455 3358 usus,
468 3289 611 3359 Quirites,
624 3300 664 3360 ut,
675 3310 711 3347 ex
721 3291 801 3347 tanti
812 3291 1019 3366 conjuratione,
1029 3291 1166 3363 tantaque
1190 3283 1204 3333 .'

188 3365 216 3422 vi
238 3384 272 3422 ac
296 3367 478 3425 multitudiue
502 3369 724 3425 domesticorum
746 3369 879 3440 hostium,
894 3388 995 3427 novem
1019 3368 1167 3425 homiuum

188 3443 443 3519 perditissimorum
452 3447 547 3521 prend,
558 3447 706 3523 republicd
717 3448 894 3519 conservati,
906 3448 1079 3521 reliquorum
1090 3465 1169 3503 men·

189 3531 233 3578 tes
247 3522 342 3577 sanari
355 3542 437 3597 posse
452 3526 644 3582 arbitraretur.
1182 3531 1217 3585 40

229 3600 327 3672 Atque
347 3601 434 3657 etiarn
454 3605 623 3679 supplicatio
643 3603 709 3660 Diis
729 3592 946 3674 immortalibus,
959 3623 1010 3679 pro
1029 3604 1167 3680 singulari

189 3696 288 3735 eorum
303 3678 413 3749 merito,
427 3699 492 3739 meo
505 3683 620 3739 nomine
635 3682 752 3738 decreta
765 3692 818 3752 est,
832 3682 982 3752 Quirites3
1003 3684 1078 3758 quod
1096 3682 1167 3739 mihi

187 3754 323 3832 primiun,
335 3768 399 3832 post
419 3760 494 3817 hanc
515 3761 616 3816 urbem
636 3760 791 3831 conditam,
806 3771 902 3838 togato
922 3761 1059 3838 contigit:
1080 3762 1167 3817 ethis

189 3835 307 3892 decreta
316 3836 411 3894 verbis
421 3848 477 3969 opt*
485 3837 566 3900 ouon
582 3856 688 3897 uussu
703 3855 872 3913 rucsunus,
887 3859 975 3898 cuns
991 3858 1089 3911 cirus,
1100 3838 1167 3896 Ira·

426 3946 434 3970 Ο
