2658 4468
156 357 214 419 100
377 357 514 409 ORATIO
535 357 606 408 PRO
626 358 658 409 Τ.
680 356 795 408 ANNIO
815 358 966 409 MILONE

204 500 305 559 all'erre
325 521 383 561 non
401 522 502 579 posse;
523 513 621 560 tamen
634 503 697 560 hae
711 521 777 561 novi
768 502 893 578 judicii
906 521 980 561 nova
994 502 1086 560 forma
1104 513 1197 562 terret

202 581 311 651 oculos,
332 582 392 670 qui,
412 580 586 656 quocunque
613 581 779 651 inciderint,
799 591 926 639 veterem
952 582 1196 639 consuetudinem

204 658 267 730 sori,
281 670 311 716 et
329 659 480 736 pristinum
500 678 609 717 morem
626 626 810 735 judiciorum,
825 660 983 734 requirunt
1024 659 1093 717 Non
1113 660 1195 718 enim

203 705 310 795 οοιιιιιι
330 757 480 796 consessus
499 749 593 796 vester
613 740 728 795 cinctus
747 749 800 808 est,
815 750 847 795 ut
864 738 992 808 solebat,
1013 758 1071 796 non
1084 739 1194 796 usitati

171 811 365 890 5frequentit
384 816 481 892 stipati
494 835 601 874 sumus
642 815 721 873 Nam
742 816 792 874 illa
810 816 953 892 praesidia,
967 835 1031 890 quae
1050 836 1101 892 pro
1120 827 1194 875 tem·

202 895 258 971 plis
276 896 410 953 omnibus
429 895 557 966 cernitis,
571 895 625 953 etsi
645 906 746 953 contra
765 895 823 951 vim
843 895 983 952 collocata
1001 906 1078 966 sunt,
1094 894 1194 973 [nobis

198 972 327 1031 afferunt
349 984 448 1031 tamen
470 974 594 1031 horroris
618 973 757 1062 aliquid;]
780 983 822 1044 ut,
836 973 867 1031 iu
881 973 950 1044 soro,
964 984 995 1031 et
1017 974 1048 1031 in
1068 975 1192 1049 judicio,

203 1071 367 1127 quanquam
380 1052 519 1142 praesidiis
538 1052 712 1109 salutaribus
724 1063 754 1109 et
767 1051 938 1110 necessariis
957 1053 1031 1128 septi
1051 1051 1191 1142 [sumus],

203 1140 300 1188 tamen
321 1150 358 1189 ne
377 1151 435 1189 non
455 1131 558 1188 timere
578 1130 695 1204 quidem
721 1130 784 1188 sine
805 1131 900 1206 aliquo
920 1131 1021 1188 timore
1040 1131 1190 1207 possimus.

155 1208 325 1270 10Qus's1
344 1210 471 1285 opposita
491 1208 595 1267 Miloni
611 1219 752 1284 putarem,
767 1209 901 1267 cederem
915 1210 1045 1285 tempori,
1056 1210 1190 1285 judices3

203 1306 270 1358 uec,
284 1288 358 1345 inter
378 1297 488 1345 tantam
507 1288 565 1344 rim
586 1305 740 1357 armorum,
756 1287 951 1345 existimarem
970 1288 1075 1346 oratori
1094 1288 1192 1346 locum

203 1384 275 1422 esse.
317 1366 376 1423 Sed
396 1385 443 1423 me
462 1375 575 1425 recreat
594 1376 623 1422 et
642 1366 736 1423 reficit
756 1366 811 1424 Cn
833 1365 973 1442 Pompeii,
987 1366 1191 1442 sapientissimi

203 1454 233 1501 et
250 1444 400 1519 justissimi
419 1445 483 1516 viri,
504 1444 675 1513 consilium3
702 1444 751 1519 qui
770 1443 900 1521 profecto
918 1464 975 1502 noc
993 1445 1110 1520 justitiae
1131 1464 1191 1502 sure

203 1532 317 1598 putaret
336 1542 410 1595 esse,
423 1542 509 1598 quem
529 1542 610 1580 reum
624 1523 775 1580 sententiis
785 1523 918 1599 judicum
932 1523 1106 1594 tradidisset,
1119 1542 1191 1580 eun·

154 1605 189 1660 15
204 1602 269 1658 dem
290 1601 355 1658 telis
367 1603 491 1660 militum
504 1602 626 1671 dedere;
648 1620 704 1660 nec
717 1601 874 1677 sapientie,
888 1602 1079 1659 temeritatem
1094 1601 1191 1659 conci·

203 1689 270 1738 tate
283 1681 475 1739 multitudinis
489 1680 658 1739 auctoritate
671 1680 788 1756 publici
803 1698 923 1738 armare.

242 1758 442 1819 Quamobrem
462 1759 512 1816 illa
532 1777 621 1830 arma,
637 1759 831 1829 centuriones,
845 1759 987 1829 cohortes,
1000 1777 1058 1816 non
1078 1757 1190 1835 pericu·

213 1855 263 1893 um
290 1837 382 1907 nobis,
409 1838 460 1895 sed
486 1804 661 1914 presidium,
687 1837 1003 1911 denuntiaremus
1028 1836 1130 1907 solum,
1157 1846 1189 1894 ut

203 1915 310 1989 quieto,
324 1915 482 1973 sedetiam
502 1925 535 1972 ut
554 1934 659 1992 magno
679 1916 775 1974 animo
794 1916 894 1986 simus,
908 1916 1075 1985 hortantur3
1096 1934 1190 1990 neque

152 1991 342 2050 maurilium
361 1993 446 2052 modb
466 1994 626 2052 defensioni
646 2012 728 2064 mers,
742 1990 943 2052 verumetiam
962 1958 1108 2051 silentium
1111 1993 1190 2069 ,pol-

202 2071 334 2129 licentur.
376 2072 503 2147 Reliqua
522 2070 590 2131 verb
611 2072 773 2162 multitudo,
788 2092 852 2147 quas
871 2072 988 2147 quidem
1008 2083 1052 2130 cst
1072 2072 1188 2143 civium,

202 2160 262 2208 tota
281 2160 378 2208 nostra
397 2161 458 2221 est;
479 2170 573 2226 neque
593 2170 692 2209 eorum
711 2151 871 2226 quisquam,
885 2170 956 2226 quos
975 2150 1123 2226 undiquc
1116 2161 1190 2207 mtu-

201 2239 283 2286 entes
297 2230 424 2300 cernitis,
438 2194 516 2288 tinde
537 2230 633 2305 aliqua
651 2249 718 2307 pars
738 2229 792 2288 sori
812 2229 921 2319 adspici
931 2239 1043 2319 potest,
1057 2239 1087 2287 et
1105 2229 1189 2304 hujus

203 2308 312 2365 exitum
332 2275 435 2384 judicii
455 2318 664 2399 exspectantes,
678 2328 746 2378 uon,
760 2306 829 2366 crim
842 2308 940 2365 virtuti
961 2307 1080 2365 Milonis
1103 2308 1191 2378 favet,

151 2385 188 2440 ὕ
203 2395 264 2443 tum
278 2388 315 2445 de
328 2406 369 2459 se,
383 2389 420 2446 de
433 2387 531 2446 liberis
544 2387 614 2458 suis,
629 2388 665 2445 de
678 2387 780 2463 patria,
795 2387 832 2444 de
845 2386 976 2455 fortunis,
991 2385 1129 2444 hodierno
1141 2386 1189 2444 die

202 2464 344 2523 decertari
357 2476 446 2543 putat

242 2543 283 2601 ΙΙ.
317 2543 415 2602 Unum
428 2564 521 2621 genus
534 2554 578 2602 est
592 2545 742 2603 adversum
760 2542 953 2618 infestumque
972 2542 1065 2614 uobis,
1076 2561 1188 2612 eorum,

202 2640 273 2696 quos
292 2621 324 2679 P.
340 2623 435 2681 Clodii
456 2623 533 2682 furor
553 2623 660 2698 rapinis
680 2632 710 2680 et
729 2621 872 2680 incendiis
892 2631 922 2679 et
940 2622 1074 2680 omnibus
1093 2621 1188 2683 exitiis

202 2699 327 2774 publicis
339 2701 432 2776 pavit:
453 2702 503 2775 qui
517 2701 651 2758 hesteml
671 2701 758 2759 etiam
780 2699 920 2758 concione
940 2700 1053 2758 incitati
1067 2710 1143 2771 sunt,
1158 2710 1188 2757 ut

152 2779 189 2835 30
202 2777 282 2835 vobis
301 2797 371 2836 voce
396 2779 539 2854 preirent,
560 2779 628 2853 quid
652 2779 830 2855 judicaretis.
871 2778 1006 2839 Quorum
1033 2779 1140 2837 clamor
1163 2778 1187 2835 si

202 2855 250 2931 qui
272 2855 343 2914 sorte
365 2856 460 2926 fuerit,
482 2858 635 2916 admonere
654 2877 703 2916 vos
724 2858 850 2926 debebit,
871 2866 903 2914 ut
923 2876 989 2915 eum
1010 2856 1103 2914 civem
1123 2857 1188 2914 reti·

202 2933 305 3005 neatis,
320 2935 369 3009 qui
389 2954 501 3011 semper
521 2955 613 3012 genus
633 2935 704 2992 illud
717 2936 876 3007 hominum,
891 2936 1087 3011 clamoresque
1100 2935 1187 2992 marri·

203 3030 273 3081 mos,
287 3033 338 3088 pro
350 3013 444 3070 vestris
458 3013 550 3071 salute
563 3014 698 3090 neglexit.
737 3014 937 3075 Quamobrem
958 3015 1056 3072 adeste
1075 3013 1186 3084 animis,

200 3090 333 3166 judices;
361 3102 390 3149 et
409 3092 550 3162 timorem,
571 3093 595 3149 si
615 3110 701 3168 quem
728 3093 850 3163 habetis,
871 3093 1012 3168 deponite.
1055 3092 1142 3162 Nam,
1163 3092 1187 3149 si

152 3183 189 3237 35
203 3188 329 3244 unquam
350 3171 386 3227 de
407 3170 489 3228 bonis
508 3179 538 3228 et
558 3170 677 3228 sortibus
690 3170 768 3240 viris,
783 3170 807 3227 si
824 3189 950 3244 unquam
965 3168 1090 3228 debenti
1105 3171 1187 3227 meri·

202 3247 240 3305 tis
254 3248 374 3320 civibus,
387 3259 512 3324 potestas
526 3249 605 3306 vobis
621 3248 772 3324 judicandi
793 3248 847 3305 fuit
855 3268 862 3318 ;
884 3248 909 3305 si
923 3249 1047 3324 denique
1061 3264 1187 3323 unquam

202 3325 283 3384 locus
307 3327 544 3404 amplissimorum
572 3327 706 3385 ordinum
732 3327 852 3384 delectis
872 3327 941 3383 viris
961 3328 1045 3383 datus
1065 3337 1117 3396 est,
1138 3326 1187 3382 ubi

202 3423 256 3462 sua
278 3407 373 3464 studia
395 3425 465 3483 erga
485 3406 571 3463 fortes
592 3417 621 3464 et
644 3406 733 3463 bonos
753 3405 841 3475 cives,
861 3425 925 3480 quae
945 3406 1025 3462 vultu
1046 3416 1076 3462 et
1095 3404 1187 3462 verbis

202 3503 277 3560 saepe
303 3485 525 3562 significassent,
545 3504 578 3542 re
597 3495 626 3543 et
646 3483 797 3541 sententiis
817 3484 1017 3554 declararent3
1045 3484 1101 3542 hoc
1126 3502 1186 3558 pro-

153 3562 188 3616 40
203 3561 279 3620 lecto
294 3573 419 3658 tempore
440 3582 504 3621 eam
524 3572 692 3639 potestatem
710 3580 825 3619 omnem
839 3581 888 3619 vos
901 3562 1023 3632 habetis,
1038 3572 1070 3618 ut
1083 3571 1187 3618 statua·

202 3640 249 3710 tis,
264 3639 360 3698 utrirm
379 3660 442 3711 nos,
457 3642 505 3716 qui
526 3661 637 3717 semper
651 3651 751 3698 vestrae
773 3640 938 3698 auctoritati
960 3607 1050 3697 dediti
1072 3639 1186 3709 fuimus,

203 3737 315 3794 semper
334 3719 431 3776 miseri
450 3721 610 3796 lugeamus,
626 3739 673 3790 au,
688 3719 737 3776 diu
758 3718 851 3775 vexati
873 3738 891 3777 a
908 3717 1147 3794 perditissimis
1122 3717 1188 3774 crvi-

202 3797 266 3867 bus,
289 3798 441 3873 aliquando
460 3818 589 3874 perros,
611 3819 646 3856 ac
666 3808 789 3855 vestram
809 3796 907 3870 fidem,
921 3798 1065 3866 virtutem,
1080 3795 1188 3871 sapien·

203 3875 339 3951 tiamque,
353 3895 525 3937 recreemur.
