<?xml version="1.0" encoding="UTF-8"?>
<!DOCTYPE html PUBLIC "-//W3C//DTD XHTML 1.0 Transitional//EN"
    "http://www.w3.org/TR/xhtml1/DTD/xhtml1-transitional.dtd">
<html xmlns="http://www.w3.org/1999/xhtml" xml:lang="en" lang="en">
 <head>
  <title>
</title>
<meta http-equiv="Content-Type" content="text/html;charset=utf-8" />
  <meta name='ocr-system' content='tesseract 3.04.00' />
  <meta name='ocr-capabilities' content='ocr_page ocr_carea ocr_par ocr_line ocrx_word'/>
</head>
<body>
  <div class='ocr_page' id='page_1' title='image "./orationesqudams01cicegoog/orationesqudams01cicegoog_0157.png"; bbox 0 0 2658 4468; ppageno 0'>
   <div class='ocr_carea' id='block_1_1' title="bbox 160 349 927 411">
    <p class='ocr_par' dir='ltr' id='par_1_1' title="bbox 160 349 927 411">
     <span class='ocr_line' id='line_1_1' title="bbox 160 349 927 411; baseline -0.005 -10"><span class='ocrx_word' id='word_1_1' title='bbox 160 351 219 411; x_wconf 74' lang='lat'>154</span> <span class='ocrx_word' id='word_1_2' title='bbox 463 350 599 400; x_wconf 81' lang='lat' dir='ltr'>ORATIO</span> <span class='ocrx_word' id='word_1_3' title='bbox 615 349 654 400; x_wconf 81' lang='lat' dir='ltr'>IN</span> <span class='ocrx_word' id='word_1_4' title='bbox 670 349 708 400; x_wconf 89' lang='grc' dir='ltr'>Μ.</span> <span class='ocrx_word' id='word_1_5' title='bbox 725 349 927 400; x_wconf 81' lang='lat' dir='ltr'>ANTONIUM.</span> 
     </span>
    </p>
   </div>
   <div class='ocr_carea' id='block_1_2' title="bbox 154 488 1248 3937">
    <p class='ocr_par' dir='ltr' id='par_1_2' title="bbox 206 488 1196 803">
     <span class='ocr_line' id='line_1_2' title="bbox 246 488 1194 568; baseline -0.002 -19"><span class='ocrx_word' id='word_1_6' title='bbox 246 491 411 550; x_wconf 87' lang='lat' dir='ltr'>XXXVII.</span> <span class='ocrx_word' id='word_1_7' title='bbox 452 491 510 550; x_wconf 89' lang='lat' dir='ltr'>Ubi</span> <span class='ocrx_word' id='word_1_8' title='bbox 539 504 584 550; x_wconf 92' lang='lat' dir='ltr'>est</span> <span class='ocrx_word' id='word_1_9' title='bbox 613 492 720 568; x_wconf 88' lang='lat' dir='ltr'>septies</span> <span class='ocrx_word' id='word_1_10' title='bbox 740 492 842 549; x_wconf 90' lang='lat' dir='ltr'>millies</span> <span class='ocrx_word' id='word_1_11' title='bbox 873 491 1047 562; x_wconf 79' lang='lat' dir='ltr'><strong>sestertium,</strong></span> <span class='ocrx_word' id='word_1_12' title='bbox 1067 490 1143 566; x_wconf 91' lang='lat' dir='ltr'>quod</span> <span class='ocrx_word' id='word_1_13' title='bbox 1164 488 1194 547; x_wconf 91' lang='lat' dir='ltr'>in</span> 
     </span>
     <span class='ocr_line' id='line_1_3' title="bbox 206 569 1196 648; baseline -0.001 -22"><span class='ocrx_word' id='word_1_14' title='bbox 206 571 322 641; x_wconf 89' lang='lat' dir='ltr'>tabulis,</span> <span class='ocrx_word' id='word_1_15' title='bbox 344 591 407 646; x_wconf 78' lang='lat' dir='ltr'>quas</span> <span class='ocrx_word' id='word_1_16' title='bbox 427 581 495 628; x_wconf 88' lang='lat' dir='ltr'>sunt</span> <span class='ocrx_word' id='word_1_17' title='bbox 515 571 551 628; x_wconf 91' lang='lat' dir='ltr'>ad</span> <span class='ocrx_word' id='word_1_18' title='bbox 571 570 655 647; x_wconf 87' lang='lat' dir='ltr'>Opis,</span> <span class='ocrx_word' id='word_1_19' title='bbox 675 572 814 648; x_wconf 89' lang='lat' dir='ltr'>patebatI</span> <span class='ocrx_word' id='word_1_20' title='bbox 843 571 963 627; x_wconf 68' lang='lat' dir='ltr'>funestas</span> <span class='ocrx_word' id='word_1_21' title='bbox 984 570 1060 626; x_wconf 91' lang='lat' dir='ltr'>illius</span> <span class='ocrx_word' id='word_1_22' title='bbox 1079 569 1196 643; x_wconf 89' lang='lat' dir='ltr'>quidem</span> 
     </span>
     <span class='ocr_line' id='line_1_4' title="bbox 206 646 1194 726; baseline -0.003 -21"><span class='ocrx_word' id='word_1_23' title='bbox 206 649 349 724; x_wconf 76' lang='lat' dir='ltr'>pecuniae,</span> <span class='ocrx_word' id='word_1_24' title='bbox 363 650 413 707; x_wconf 92' lang='lat' dir='ltr'>sed</span> <span class='ocrx_word' id='word_1_25' title='bbox 438 660 535 706; x_wconf 91' lang='lat' dir='ltr'>tamen</span> <span class='ocrx_word' id='word_1_26' title='bbox 558 648 596 726; x_wconf 90' lang='lat' dir='ltr'>(si</span> <span class='ocrx_word' id='word_1_27' title='bbox 623 650 668 719; x_wconf 92' lang='lat' dir='ltr'>iis,</span> <span class='ocrx_word' id='word_1_28' title='bbox 695 667 816 724; x_wconf 88' lang='lat' dir='ltr'>quorum</span> <span class='ocrx_word' id='word_1_29' title='bbox 842 657 914 718; x_wconf 89' lang='lat' dir='ltr'>erat,</span> <span class='ocrx_word' id='word_1_30' title='bbox 929 667 987 705; x_wconf 92' lang='lat' dir='ltr'>non</span> <span class='ocrx_word' id='word_1_31' title='bbox 1014 646 1194 724; x_wconf 79' lang='lat' dir='ltr'>redderetur)</span> 
     </span>
     <span class='ocr_line' id='line_1_5' title="bbox 207 725 1196 803; baseline -0.002 -21"><span class='ocrx_word' id='word_1_32' title='bbox 207 746 270 801; x_wconf 75' lang='lat' dir='ltr'>quse</span> <span class='ocrx_word' id='word_1_33' title='bbox 285 746 337 784; x_wconf 89' lang='lat' dir='ltr'>nos</span> <span class='ocrx_word' id='word_1_34' title='bbox 352 746 369 783; x_wconf 84' lang='lat' dir='ltr'>a</span> <span class='ocrx_word' id='word_1_35' title='bbox 382 727 496 784; x_wconf 90' lang='lat' dir='ltr'>tributis</span> <span class='ocrx_word' id='word_1_36' title='bbox 508 738 605 803; x_wconf 87' lang='lat' dir='ltr'>posset</span> <span class='ocrx_word' id='word_1_37' title='bbox 618 727 775 784; x_wconf 80' lang='lat' dir='ltr'>vindicare.</span> <span class='ocrx_word' id='word_1_38' title='bbox 817 727 866 784; x_wconf 87' lang='lat' dir='ltr'>Tu</span> <span class='ocrx_word' id='word_1_39' title='bbox 887 737 983 783; x_wconf 90' lang='lat' dir='ltr'>autem</span> <span class='ocrx_word' id='word_1_40' title='bbox 1004 725 1196 802; x_wconf 83' lang='lat' dir='ltr'>quadringen-</span> 
     </span>
    </p>

    <p class='ocr_par' dir='ltr' id='par_1_3' title="bbox 158 804 1197 1584">
     <span class='ocr_line' id='line_1_6' title="bbox 173 804 1196 880; baseline -0.005 -17"><span class='ocrx_word' id='word_1_41' title='bbox 173 806 262 865; x_wconf 84' lang='lat' dir='ltr'>5ties</span> <span class='ocrx_word' id='word_1_42' title='bbox 283 805 347 876; x_wconf 84' lang='lat' dir='ltr'>HS,</span> <span class='ocrx_word' id='word_1_43' title='bbox 361 805 437 880; x_wconf 90' lang='lat' dir='ltr'>quod</span> <span class='ocrx_word' id='word_1_44' title='bbox 462 804 563 862; x_wconf 89' lang='lat' dir='ltr'>Idibus</span> <span class='ocrx_word' id='word_1_45' title='bbox 588 804 701 861; x_wconf 90' lang='lat' dir='ltr'>Martiis</span> <span class='ocrx_word' id='word_1_46' title='bbox 725 804 859 875; x_wconf 82' lang='lat' dir='ltr'>debuisti,</span> <span class='ocrx_word' id='word_1_47' title='bbox 874 823 999 879; x_wconf 89' lang='lat' dir='ltr'>quonam</span> <span class='ocrx_word' id='word_1_48' title='bbox 1019 804 1104 861; x_wconf 89' lang='lat' dir='ltr'>modo</span> <span class='ocrx_word' id='word_1_49' title='bbox 1128 813 1196 859; x_wconf 87' lang='lat' dir='ltr'>ante</span> 
     </span>
     <span class='ocr_line' id='line_1_7' title="bbox 207 881 1196 958; baseline -0.003 -19"><span class='ocrx_word' id='word_1_50' title='bbox 207 883 354 940; x_wconf 88' lang='lat' dir='ltr'>Calendas</span> <span class='ocrx_word' id='word_1_51' title='bbox 367 883 483 958; x_wconf 78' lang='lat' dir='ltr'>Apriles</span> <span class='ocrx_word' id='word_1_52' title='bbox 497 884 603 941; x_wconf 89' lang='lat' dir='ltr'>debere</span> <span class='ocrx_word' id='word_1_53' title='bbox 623 882 745 941; x_wconf 86' lang='lat' dir='ltr'>desistil</span> <span class='ocrx_word' id='word_1_54' title='bbox 786 884 862 940; x_wconf 83' lang='lat' dir='ltr'>Sunt</span> <span class='ocrx_word' id='word_1_55' title='bbox 875 901 910 939; x_wconf 89' lang='lat' dir='ltr'>ea</span> <span class='ocrx_word' id='word_1_56' title='bbox 930 882 1044 957; x_wconf 88' lang='lat' dir='ltr'>quidem</span> <span class='ocrx_word' id='word_1_57' title='bbox 1065 881 1196 937; x_wconf 89' lang='lat' dir='ltr'>innume·</span> 
     </span>
     <span class='ocr_line' id='line_1_8' title="bbox 207 959 1195 1036; baseline -0.003 -18"><span class='ocrx_word' id='word_1_58' title='bbox 207 961 319 1031; x_wconf 81' lang='lat' dir='ltr'>rabilia,</span> <span class='ocrx_word' id='word_1_59' title='bbox 343 980 407 1036; x_wconf 75' lang='lat' dir='ltr'>quae</span> <span class='ocrx_word' id='word_1_60' title='bbox 435 981 452 1020; x_wconf 81' lang='lat' dir='ltr'>a</span> <span class='ocrx_word' id='word_1_61' title='bbox 478 962 596 1019; x_wconf 86' lang='lat' dir='ltr'>diversis</span> <span class='ocrx_word' id='word_1_62' title='bbox 616 961 795 1031; x_wconf 85' lang='lat' dir='ltr'><strong>emebantur,</strong></span> <span class='ocrx_word' id='word_1_63' title='bbox 816 980 875 1018; x_wconf 91' lang='lat' dir='ltr'>non</span> <span class='ocrx_word' id='word_1_64' title='bbox 902 960 1045 1017; x_wconf 82' lang='lat' dir='ltr'>insciente</span> <span class='ocrx_word' id='word_1_65' title='bbox 1071 969 1116 1028; x_wconf 84' lang='lat' dir='ltr'>te3</span> <span class='ocrx_word' id='word_1_66' title='bbox 1143 959 1195 1016; x_wconf 88' lang='lat' dir='ltr'>sed</span> 
     </span>
     <span class='ocr_line' id='line_1_9' title="bbox 207 1037 1197 1116; baseline -0.003 -20"><span class='ocrx_word' id='word_1_67' title='bbox 207 1058 298 1096; x_wconf 92' lang='lat' dir='ltr'>unum</span> <span class='ocrx_word' id='word_1_68' title='bbox 312 1040 461 1116; x_wconf 79' lang='lat' dir='ltr'>egregium</span> <span class='ocrx_word' id='word_1_69' title='bbox 475 1040 512 1097; x_wconf 92' lang='lat' dir='ltr'>de</span> <span class='ocrx_word' id='word_1_70' title='bbox 525 1059 594 1116; x_wconf 85' lang='lat' dir='ltr'>rege</span> <span class='ocrx_word' id='word_1_71' title='bbox 614 1039 760 1109; x_wconf 90' lang='lat' dir='ltr'>Deiotaro,</span> <span class='ocrx_word' id='word_1_72' title='bbox 774 1038 878 1115; x_wconf 90' lang='lat' dir='ltr'>populo</span> <span class='ocrx_word' id='word_1_73' title='bbox 901 1038 1037 1095; x_wconf 86' lang='lat' dir='ltr'>Romano</span> <span class='ocrx_word' id='word_1_74' title='bbox 1058 1037 1197 1094; x_wconf 87' lang='lat' dir='ltr'>amicissi-</span> 
     </span>
     <span class='ocr_line' id='line_1_10' title="bbox 197 1116 1195 1194; baseline -0.003 -20"><span class='ocrx_word' id='word_1_75' title='bbox 197 1135 264 1192; x_wconf 79' lang='lat' dir='ltr'>mo,</span> <span class='ocrx_word' id='word_1_76' title='bbox 279 1118 426 1175; x_wconf 90' lang='lat' dir='ltr'>decretum</span> <span class='ocrx_word' id='word_1_77' title='bbox 443 1118 473 1175; x_wconf 87' lang='lat' dir='ltr'>iu</span> <span class='ocrx_word' id='word_1_78' title='bbox 488 1118 631 1194; x_wconf 87' lang='lat' dir='ltr'>Capitolio</span> <span class='ocrx_word' id='word_1_79' title='bbox 645 1118 752 1187; x_wconf 82' lang='lat' dir='ltr'>fixum;</span> <span class='ocrx_word' id='word_1_80' title='bbox 773 1137 830 1192; x_wconf 90' lang='lat' dir='ltr'>quo</span> <span class='ocrx_word' id='word_1_81' title='bbox 850 1116 1004 1193; x_wconf 90' lang='lat' dir='ltr'>proposito,</span> <span class='ocrx_word' id='word_1_82' title='bbox 1019 1134 1104 1173; x_wconf 89' lang='lat' dir='ltr'>nemo</span> <span class='ocrx_word' id='word_1_83' title='bbox 1123 1125 1195 1185; x_wconf 84' lang='lat' dir='ltr'>erat,</span> 
     </span>
     <span class='ocr_line' id='line_1_11' title="bbox 158 1192 1196 1272; baseline -0.003 -20"><span class='ocrx_word' id='word_1_84' title='bbox 158 1196 301 1270; x_wconf 80' lang='lat' dir='ltr'>loquitu</span> <span class='ocrx_word' id='word_1_85' title='bbox 322 1196 383 1272; x_wconf 92' lang='lat' dir='ltr'>ipso</span> <span class='ocrx_word' id='word_1_86' title='bbox 403 1196 499 1253; x_wconf 91' lang='lat' dir='ltr'>dolore</span> <span class='ocrx_word' id='word_1_87' title='bbox 523 1197 611 1253; x_wconf 91' lang='lat' dir='ltr'>risum</span> <span class='ocrx_word' id='word_1_88' title='bbox 633 1205 728 1271; x_wconf 88' lang='lat' dir='ltr'>posset</span> <span class='ocrx_word' id='word_1_89' title='bbox 748 1195 905 1253; x_wconf 85' lang='lat' dir='ltr'>continere.</span> <span class='ocrx_word' id='word_1_90' title='bbox 945 1192 1023 1256; x_wconf 82' lang='lat' dir='ltr'>Quis</span> <span class='ocrx_word' id='word_1_91' title='bbox 1037 1193 1114 1250; x_wconf 83' lang='lat' dir='ltr'>enlm</span> <span class='ocrx_word' id='word_1_92' title='bbox 1136 1193 1196 1250; x_wconf 91' lang='lat' dir='ltr'>cui·</span> 
     </span>
     <span class='ocr_line' id='line_1_12' title="bbox 207 1271 1195 1349; baseline -0.002 -20"><span class='ocrx_word' id='word_1_93' title='bbox 207 1292 293 1347; x_wconf 88' lang='lat' dir='ltr'>quam</span> <span class='ocrx_word' id='word_1_94' title='bbox 318 1273 471 1344; x_wconf 85' lang='lat' dir='ltr'>inimicior,</span> <span class='ocrx_word' id='word_1_95' title='bbox 493 1273 579 1349; x_wconf 70' lang='lat' dir='ltr'>quarn</span> <span class='ocrx_word' id='word_1_96' title='bbox 603 1273 741 1331; x_wconf 90' lang='lat' dir='ltr'>Deiotaro</span> <span class='ocrx_word' id='word_1_97' title='bbox 762 1274 882 1331; x_wconf 78' lang='lat' dir='ltr'>Caesarl</span> <span class='ocrx_word' id='word_1_98' title='bbox 913 1271 994 1349; x_wconf 72' lang='lat' dir='ltr'>mque</span> <span class='ocrx_word' id='word_1_99' title='bbox 1020 1283 1105 1347; x_wconf 89' lang='lat' dir='ltr'>atque</span> <span class='ocrx_word' id='word_1_100' title='bbox 1126 1271 1195 1328; x_wconf 90' lang='lat' dir='ltr'>huic</span> 
     </span>
     <span class='ocr_line' id='line_1_13' title="bbox 207 1350 1196 1425; baseline -0.004 -16"><span class='ocrx_word' id='word_1_101' title='bbox 207 1351 312 1419; x_wconf 90' lang='lat' dir='ltr'>ordini,</span> <span class='ocrx_word' id='word_1_102' title='bbox 333 1361 365 1408; x_wconf 87' lang='lat' dir='ltr'>ut</span> <span class='ocrx_word' id='word_1_103' title='bbox 386 1351 522 1425; x_wconf 87' lang='lat' dir='ltr'>equestri,</span> <span class='ocrx_word' id='word_1_104' title='bbox 544 1362 577 1409; x_wconf 91' lang='lat' dir='ltr'>ut</span> <span class='ocrx_word' id='word_1_105' title='bbox 604 1350 845 1423; x_wconf 85' lang='lat' dir='ltr'>Massiliensibus,</span> <span class='ocrx_word' id='word_1_106' title='bbox 867 1362 898 1409; x_wconf 93' lang='lat' dir='ltr'>ut</span> <span class='ocrx_word' id='word_1_107' title='bbox 926 1351 1070 1421; x_wconf 88' lang='lat' dir='ltr'>omnibns,</span> <span class='ocrx_word' id='word_1_108' title='bbox 1092 1350 1196 1424; x_wconf 88' lang='lat' dir='ltr'>quibus</span> 
     </span>
     <span class='ocr_line' id='line_1_14' title="bbox 208 1427 1195 1505; baseline -0.002 -20"><span class='ocrx_word' id='word_1_109' title='bbox 208 1429 417 1504; x_wconf 81' lang='lat' dir='ltr'>rempublicam</span> <span class='ocrx_word' id='word_1_110' title='bbox 436 1429 533 1505; x_wconf 89' lang='lat' dir='ltr'>populi</span> <span class='ocrx_word' id='word_1_111' title='bbox 553 1430 680 1489; x_wconf 89' lang='lat' dir='ltr'>Romani</span> <span class='ocrx_word' id='word_1_112' title='bbox 699 1449 797 1488; x_wconf 78' lang='lat' dir='ltr'>caram</span> <span class='ocrx_word' id='word_1_113' title='bbox 815 1449 879 1487; x_wconf 89' lang='lat' dir='ltr'>esse</span> <span class='ocrx_word' id='word_1_114' title='bbox 900 1430 1049 1487; x_wconf 87' lang='lat' dir='ltr'>sentiebat.</span> <span class='ocrx_word' id='word_1_115' title='bbox 1091 1428 1122 1485; x_wconf 91' lang='lat' dir='ltr'>Is</span> <span class='ocrx_word' id='word_1_116' title='bbox 1144 1427 1195 1504; x_wconf 82' lang='lat' dir='ltr'>igi-</span> 
     </span>
     <span class='ocr_line' id='line_1_15' title="bbox 207 1506 1195 1584; baseline -0.001 -21"><span class='ocrx_word' id='word_1_117' title='bbox 207 1516 264 1577; x_wconf 86' lang='lat' dir='ltr'>tur,</span> <span class='ocrx_word' id='word_1_118' title='bbox 279 1525 366 1582; x_wconf 89' lang='lat' dir='ltr'>aquo</span> <span class='ocrx_word' id='word_1_119' title='bbox 380 1508 453 1579; x_wconf 76' lang='lat' dir='ltr'>viso,</span> <span class='ocrx_word' id='word_1_120' title='bbox 467 1527 523 1565; x_wconf 91' lang='lat' dir='ltr'>nec</span> <span class='ocrx_word' id='word_1_121' title='bbox 532 1512 662 1584; x_wconf 73' lang='lat' dir='ltr'>&#39;presens</span> <span class='ocrx_word' id='word_1_122' title='bbox 676 1527 732 1565; x_wconf 90' lang='lat' dir='ltr'>nec</span> <span class='ocrx_word' id='word_1_123' title='bbox 747 1508 851 1566; x_wconf 86' lang='lat' dir='ltr'>absens</span> <span class='ocrx_word' id='word_1_124' title='bbox 864 1508 1018 1583; x_wconf 89' lang='lat' dir='ltr'>quidquam</span> <span class='ocrx_word' id='word_1_125' title='bbox 1040 1507 1114 1580; x_wconf 84' lang='lat' dir='ltr'>aeqni</span> <span class='ocrx_word' id='word_1_126' title='bbox 1128 1506 1195 1563; x_wconf 91' lang='lat' dir='ltr'>bon.</span> 
     </span>
    </p>

    <p class='ocr_par' dir='ltr' id='par_1_4' title="bbox 159 1584 1197 1958">
     <span class='ocr_line' id='line_1_16' title="bbox 159 1584 1197 1663; baseline 0 -23"><span class='ocrx_word' id='word_1_127' title='bbox 159 1587 193 1641; x_wconf 80' lang='lat'>15</span> <span class='ocrx_word' id='word_1_128' title='bbox 208 1585 378 1659; x_wconf 80' lang='lat' dir='ltr'>Impetravit,</span> <span class='ocrx_word' id='word_1_129' title='bbox 393 1587 468 1660; x_wconf 84' lang='lat' dir='ltr'>apud</span> <span class='ocrx_word' id='word_1_130' title='bbox 487 1597 629 1644; x_wconf 88' lang='lat' dir='ltr'>mortuum</span> <span class='ocrx_word' id='word_1_131' title='bbox 644 1587 738 1645; x_wconf 84' lang='lat' dir='ltr'>factus</span> <span class='ocrx_word' id='word_1_132' title='bbox 751 1596 795 1643; x_wconf 86' lang='lat' dir='ltr'>est</span> <span class='ocrx_word' id='word_1_133' title='bbox 808 1587 958 1663; x_wconf 83' lang='lat' dir='ltr'>gratiosus.</span> <span class='ocrx_word' id='word_1_134' title='bbox 1001 1584 1197 1660; x_wconf 74' lang='lat' dir='ltr'>Compellirst</span> 
     </span>
     <span class='ocr_line' id='line_1_17' title="bbox 208 1662 1197 1741; baseline 0 -23"><span class='ocrx_word' id='word_1_135' title='bbox 208 1663 349 1738; x_wconf 85' lang='lat' dir='ltr'>hospitem</span> <span class='ocrx_word' id='word_1_136' title='bbox 372 1682 512 1740; x_wconf 77' lang='lat' dir='ltr'>praesens;</span> <span class='ocrx_word' id='word_1_137' title='bbox 547 1666 743 1741; x_wconf 56' lang='lat' dir='ltr'>computbratj</span> <span class='ocrx_word' id='word_1_138' title='bbox 777 1665 932 1740; x_wconf 91' lang='lat' dir='ltr'>pecuniam</span> <span class='ocrx_word' id='word_1_139' title='bbox 959 1663 1131 1740; x_wconf 73' lang='lat' dir='ltr'>imperitat3</span> <span class='ocrx_word' id='word_1_140' title='bbox 1166 1662 1197 1719; x_wconf 91' lang='lat' dir='ltr'>in</span> 
     </span>
     <span class='ocr_line' id='line_1_18' title="bbox 207 1740 1195 1816; baseline 0 -19"><span class='ocrx_word' id='word_1_141' title='bbox 207 1740 270 1816; x_wconf 85' lang='lat' dir='ltr'>ejus</span> <span class='ocrx_word' id='word_1_142' title='bbox 283 1742 468 1799; x_wconf 88' lang='lat' dir='ltr'>tetrarchiam</span> <span class='ocrx_word' id='word_1_143' title='bbox 487 1762 577 1801; x_wconf 89' lang='lat' dir='ltr'>unum</span> <span class='ocrx_word' id='word_1_144' title='bbox 591 1762 627 1800; x_wconf 81' lang='lat' dir='ltr'>ex</span> <span class='ocrx_word' id='word_1_145' title='bbox 647 1743 759 1800; x_wconf 72' lang='lat' dir='ltr'>Grecis</span> <span class='ocrx_word' id='word_1_146' title='bbox 779 1743 933 1800; x_wconf 90' lang='lat' dir='ltr'>comitibus</span> <span class='ocrx_word' id='word_1_147' title='bbox 947 1743 1006 1801; x_wconf 89' lang='lat' dir='ltr'>suis</span> <span class='ocrx_word' id='word_1_148' title='bbox 1020 1741 1195 1810; x_wconf 72' lang='lat' dir='ltr'>collocitrat;</span> 
     </span>
     <span class='ocr_line' id='line_1_19' title="bbox 208 1818 1197 1896; baseline 0 -21"><span class='ocrx_word' id='word_1_149' title='bbox 208 1819 378 1877; x_wconf 77' lang='lat' dir='ltr'>Armeniam</span> <span class='ocrx_word' id='word_1_150' title='bbox 400 1821 597 1893; x_wconf 84' lang='lat' dir='ltr'>abstulerat,a</span> <span class='ocrx_word' id='word_1_151' title='bbox 616 1831 719 1879; x_wconf 91' lang='lat' dir='ltr'>senatu</span> <span class='ocrx_word' id='word_1_152' title='bbox 738 1821 844 1879; x_wconf 90' lang='lat' dir='ltr'>datam.</span> <span class='ocrx_word' id='word_1_153' title='bbox 886 1821 961 1879; x_wconf 80' lang='lat' dir='ltr'>Haec</span> <span class='ocrx_word' id='word_1_154' title='bbox 980 1821 1060 1878; x_wconf 81' lang='lat' dir='ltr'>virus</span> <span class='ocrx_word' id='word_1_155' title='bbox 1080 1818 1197 1896; x_wconf 92' lang='lat' dir='ltr'>eripuit,</span> 
     </span>
     <span class='ocr_line' id='line_1_20' title="bbox 207 1897 482 1958; baseline 0.011 -5"><span class='ocrx_word' id='word_1_156' title='bbox 207 1897 333 1954; x_wconf 85' lang='lat' dir='ltr'>reddidit</span> <span class='ocrx_word' id='word_1_157' title='bbox 346 1909 482 1958; x_wconf 87' lang='lat' dir='ltr'>mortuus.</span> 
     </span>
    </p>

    <p class='ocr_par' dir='ltr' id='par_1_5' title="bbox 155 1973 1248 2368">
     <span class='ocr_line' id='line_1_21' title="bbox 155 1973 1195 2055; baseline -0.002 -21"><span class='ocrx_word' id='word_1_158' title='bbox 155 1979 193 2034; x_wconf 76' lang='lat'>20</span> <span class='ocrx_word' id='word_1_159' title='bbox 247 1977 289 2032; x_wconf 87' lang='lat' dir='ltr'>At</span> <span class='ocrx_word' id='word_1_160' title='bbox 314 1977 418 2051; x_wconf 89' lang='lat' dir='ltr'>quibus</span> <span class='ocrx_word' id='word_1_161' title='bbox 444 1977 560 2035; x_wconf 69' lang='lat' dir='ltr'>verbis!</span> <span class='ocrx_word' id='word_1_162' title='bbox 593 1976 680 2036; x_wconf 76' lang='lat' dir='ltr'>modo</span> <span class='ocrx_word' id='word_1_163' title='bbox 708 1979 869 2055; x_wconf 68' lang='lat' dir='ltr'>“aequum&#39;’</span> <span class='ocrx_word' id='word_1_164' title='bbox 898 1977 953 2035; x_wconf 88' lang='lat' dir='ltr'>sibi</span> <span class='ocrx_word' id='word_1_165' title='bbox 978 1976 1080 2046; x_wconf 83' lang='lat' dir='ltr'>videri,</span> <span class='ocrx_word' id='word_1_166' title='bbox 1108 1973 1195 2033; x_wconf 76' lang='lat' dir='ltr'>modi)</span> 
     </span>
     <span class='ocr_line' id='line_1_22' title="bbox 208 2055 1198 2133; baseline 0 -23"><span class='ocrx_word' id='word_1_167' title='bbox 208 2059 297 2132; x_wconf 88' lang='lat' dir='ltr'>“non</span> <span class='ocrx_word' id='word_1_168' title='bbox 318 2055 476 2130; x_wconf 89' lang='lat' dir='ltr'>iniquum.”</span> <span class='ocrx_word' id='word_1_169' title='bbox 518 2055 595 2114; x_wconf 86' lang='lat' dir='ltr'>Mira</span> <span class='ocrx_word' id='word_1_170' title='bbox 608 2057 758 2115; x_wconf 86' lang='lat' dir='ltr'>verborum</span> <span class='ocrx_word' id='word_1_171' title='bbox 780 2057 951 2133; x_wconf 82' lang='lat' dir='ltr'>complexio!</span> <span class='ocrx_word' id='word_1_172' title='bbox 994 2056 1035 2113; x_wconf 77' lang='lat' dir='ltr'>At</span> <span class='ocrx_word' id='word_1_173' title='bbox 1055 2055 1103 2112; x_wconf 90' lang='lat' dir='ltr'>ille</span> <span class='ocrx_word' id='word_1_174' title='bbox 1123 2073 1198 2111; x_wconf 91' lang='lat' dir='ltr'>nun-</span> 
     </span>
     <span class='ocr_line' id='line_1_23' title="bbox 206 2131 1196 2213; baseline 0.001 -25"><span class='ocrx_word' id='word_1_175' title='bbox 206 2151 291 2206; x_wconf 89' lang='lat' dir='ltr'>quam</span> <span class='ocrx_word' id='word_1_176' title='bbox 314 2131 440 2209; x_wconf 88' lang='lat' dir='ltr'>(semper</span> <span class='ocrx_word' id='word_1_177' title='bbox 460 2135 539 2192; x_wconf 90' lang='lat' dir='ltr'>euim</span> <span class='ocrx_word' id='word_1_178' title='bbox 560 2135 672 2192; x_wconf 88' lang='lat' dir='ltr'>absenti</span> <span class='ocrx_word' id='word_1_179' title='bbox 693 2136 761 2193; x_wconf 87' lang='lat' dir='ltr'>affui</span> <span class='ocrx_word' id='word_1_180' title='bbox 782 2135 932 2213; x_wconf 83' lang='lat' dir='ltr'>Dei0tsr0)</span> <span class='ocrx_word' id='word_1_181' title='bbox 954 2134 1109 2210; x_wconf 88' lang='lat' dir='ltr'>quidquam</span> <span class='ocrx_word' id='word_1_182' title='bbox 1129 2133 1196 2204; x_wconf 88' lang='lat' dir='ltr'>sibi,</span> 
     </span>
     <span class='ocr_line' id='line_1_24' title="bbox 205 2211 1197 2289; baseline 0 -22"><span class='ocrx_word' id='word_1_183' title='bbox 205 2211 281 2284; x_wconf 91' lang='lat' dir='ltr'>quod</span> <span class='ocrx_word' id='word_1_184' title='bbox 296 2231 348 2269; x_wconf 89' lang='lat' dir='ltr'>nos</span> <span class='ocrx_word' id='word_1_185' title='bbox 368 2231 420 2286; x_wconf 88' lang='lat' dir='ltr'>pro</span> <span class='ocrx_word' id='word_1_186' title='bbox 441 2213 490 2271; x_wconf 93' lang='lat' dir='ltr'>illo</span> <span class='ocrx_word' id='word_1_187' title='bbox 510 2214 728 2289; x_wconf 88' lang='lat' dir='ltr'>postularemus,</span> <span class='ocrx_word' id='word_1_188' title='bbox 744 2233 856 2288; x_wconf 71' lang='lat' dir='ltr'>aequum</span> <span class='ocrx_word' id='word_1_189' title='bbox 878 2213 950 2270; x_wconf 75' lang='lat' dir='ltr'>dixit</span> <span class='ocrx_word' id='word_1_190' title='bbox 975 2212 1072 2269; x_wconf 84' lang='lat' dir='ltr'>videri.</span> <span class='ocrx_word' id='word_1_191' title='bbox 1123 2212 1197 2287; x_wconf 82' lang='lat' dir='ltr'>Syn·</span> 
     </span>
     <span class='ocr_line' id='line_1_25' title="bbox 205 2290 1248 2368; baseline 0.001 -23"><span class='ocrx_word' id='word_1_192' title='bbox 205 2291 316 2364; x_wconf 84' lang='lat' dir='ltr'>grapha</span> <span class='ocrx_word' id='word_1_193' title='bbox 335 2290 389 2346; x_wconf 89' lang='lat' dir='ltr'>HS</span> <span class='ocrx_word' id='word_1_194' title='bbox 409 2291 521 2351; x_wconf 88' lang='lat' dir='ltr'>centies</span> <span class='ocrx_word' id='word_1_195' title='bbox 540 2310 592 2368; x_wconf 91' lang='lat' dir='ltr'>per</span> <span class='ocrx_word' id='word_1_196' title='bbox 612 2292 731 2368; x_wconf 85' lang='lat' dir='ltr'>legatos,</span> <span class='ocrx_word' id='word_1_197' title='bbox 747 2292 820 2349; x_wconf 87' lang='lat' dir='ltr'>viros</span> <span class='ocrx_word' id='word_1_198' title='bbox 841 2292 941 2361; x_wconf 89' lang='lat' dir='ltr'>bonos,</span> <span class='ocrx_word' id='word_1_199' title='bbox 960 2291 1011 2348; x_wconf 91' lang='lat' dir='ltr'>sed</span> <span class='ocrx_word' id='word_1_200' title='bbox 1031 2290 1147 2347; x_wconf 89' lang='lat' dir='ltr'>timidos</span> <span class='ocrx_word' id='word_1_201' title='bbox 1166 2299 1197 2346; x_wconf 86' lang='lat' dir='ltr'>et</span> <span class='ocrx_word' id='word_1_202' title='bbox 1246 2293 1248 2296; x_wconf 79' lang='grc'>’</span> 
     </span>
    </p>

    <p class='ocr_par' dir='ltr' id='par_1_6' title="bbox 155 2367 1197 2759">
     <span class='ocr_line' id='line_1_26' title="bbox 155 2367 1197 2446; baseline -0.004 -18"><span class='ocrx_word' id='word_1_203' title='bbox 155 2374 192 2428; x_wconf 76' lang='lat'>25</span> <span class='ocrx_word' id='word_1_204' title='bbox 206 2367 362 2443; x_wconf 89' lang='lat' dir='ltr'>imperitos,</span> <span class='ocrx_word' id='word_1_205' title='bbox 382 2369 445 2427; x_wconf 87' lang='lat' dir='ltr'>sine</span> <span class='ocrx_word' id='word_1_206' title='bbox 465 2370 573 2442; x_wconf 72' lang='lat' dir='ltr'>nostris,</span> <span class='ocrx_word' id='word_1_207' title='bbox 594 2370 656 2427; x_wconf 89' lang='lat' dir='ltr'>sine</span> <span class='ocrx_word' id='word_1_208' title='bbox 676 2371 849 2446; x_wconf 89' lang='lat' dir='ltr'>reliquorum</span> <span class='ocrx_word' id='word_1_209' title='bbox 870 2370 1013 2445; x_wconf 89' lang='lat' dir='ltr'>hospitum</span> <span class='ocrx_word' id='word_1_210' title='bbox 1034 2369 1110 2445; x_wconf 83' lang='lat' dir='ltr'>regis</span> <span class='ocrx_word' id='word_1_211' title='bbox 1130 2387 1197 2425; x_wconf 90' lang='lat' dir='ltr'>sen·</span> 
     </span>
     <span class='ocr_line' id='line_1_27' title="bbox 205 2446 1194 2525; baseline 0.002 -24"><span class='ocrx_word' id='word_1_212' title='bbox 205 2447 306 2516; x_wconf 70' lang='lat' dir='ltr'>tentiis,</span> <span class='ocrx_word' id='word_1_213' title='bbox 321 2447 398 2504; x_wconf 86' lang='lat' dir='ltr'>sacta</span> <span class='ocrx_word' id='word_1_214' title='bbox 412 2447 441 2504; x_wconf 94' lang='lat' dir='ltr'>in</span> <span class='ocrx_word' id='word_1_215' title='bbox 455 2468 612 2525; x_wconf 71' lang='lat' dir='ltr'>gynaeceo:</span> <span class='ocrx_word' id='word_1_216' title='bbox 634 2449 736 2524; x_wconf 89' lang='lat' dir='ltr'>quoin</span> <span class='ocrx_word' id='word_1_217' title='bbox 761 2450 825 2507; x_wconf 90' lang='lat' dir='ltr'>loco</span> <span class='ocrx_word' id='word_1_218' title='bbox 846 2448 976 2524; x_wconf 80' lang='lat' dir='ltr'>planmae</span> <span class='ocrx_word' id='word_1_219' title='bbox 997 2466 1044 2504; x_wconf 91' lang='lat' dir='ltr'>res</span> <span class='ocrx_word' id='word_1_220' title='bbox 1065 2446 1194 2518; x_wconf 67' lang='lat' dir='ltr'>veniere,</span> 
     </span>
     <span class='ocr_line' id='line_1_28' title="bbox 205 2525 1195 2604; baseline 0.001 -25"><span class='ocrx_word' id='word_1_221' title='bbox 205 2534 235 2580; x_wconf 87' lang='lat' dir='ltr'>et</span> <span class='ocrx_word' id='word_1_222' title='bbox 249 2535 382 2582; x_wconf 89' lang='lat' dir='ltr'>veneunt.</span> <span class='ocrx_word' id='word_1_223' title='bbox 423 2526 495 2588; x_wconf 76' lang='lat' dir='ltr'>Qus</span> <span class='ocrx_word' id='word_1_224' title='bbox 515 2547 553 2585; x_wconf 81' lang='lat' dir='ltr'>ex</span> <span class='ocrx_word' id='word_1_225' title='bbox 571 2527 734 2604; x_wconf 72' lang='lat' dir='ltr'>syngraphis</span> <span class='ocrx_word' id='word_1_226' title='bbox 756 2526 824 2602; x_wconf 91' lang='lat' dir='ltr'>quid</span> <span class='ocrx_word' id='word_1_227' title='bbox 846 2527 885 2583; x_wconf 91' lang='lat' dir='ltr'>sis</span> <span class='ocrx_word' id='word_1_228' title='bbox 905 2539 1031 2596; x_wconf 87' lang='lat' dir='ltr'>acturus,</span> <span class='ocrx_word' id='word_1_229' title='bbox 1046 2525 1195 2596; x_wconf 88' lang='lat' dir='ltr'>meditere,</span> 
     </span>
     <span class='ocr_line' id='line_1_29' title="bbox 200 2603 1196 2681; baseline 0.003 -25"><span class='ocrx_word' id='word_1_230' title='bbox 200 2620 320 2659; x_wconf 89' lang='lat' dir='ltr'>censeo.</span> <span class='ocrx_word' id='word_1_231' title='bbox 370 2603 437 2660; x_wconf 83' lang='lat' dir='ltr'>Rex</span> <span class='ocrx_word' id='word_1_232' title='bbox 460 2605 538 2661; x_wconf 89' lang='lat' dir='ltr'>euim</span> <span class='ocrx_word' id='word_1_233' title='bbox 558 2605 629 2680; x_wconf 89' lang='lat' dir='ltr'>ipse,</span> <span class='ocrx_word' id='word_1_234' title='bbox 651 2605 703 2662; x_wconf 75' lang='lat' dir='ltr'>suri</span> <span class='ocrx_word' id='word_1_235' title='bbox 727 2615 838 2681; x_wconf 85' lang='lat' dir='ltr'>sponte,</span> <span class='ocrx_word' id='word_1_236' title='bbox 862 2604 947 2661; x_wconf 90' lang='lat' dir='ltr'>nullis</span> <span class='ocrx_word' id='word_1_237' title='bbox 980 2603 1196 2661; x_wconf 87' lang='lat' dir='ltr'>commentariis</span> 
     </span>
     <span class='ocr_line' id='line_1_30' title="bbox 205 2679 1197 2759; baseline 0.001 -23"><span class='ocrx_word' id='word_1_238' title='bbox 205 2679 339 2751; x_wconf 84' lang='lat' dir='ltr'>Gaesaris,</span> <span class='ocrx_word' id='word_1_239' title='bbox 354 2680 438 2737; x_wconf 91' lang='lat' dir='ltr'>simul</span> <span class='ocrx_word' id='word_1_240' title='bbox 463 2691 547 2757; x_wconf 91' lang='lat' dir='ltr'>atque</span> <span class='ocrx_word' id='word_1_241' title='bbox 572 2683 678 2740; x_wconf 88' lang='lat' dir='ltr'>audivit</span> <span class='ocrx_word' id='word_1_242' title='bbox 700 2683 763 2759; x_wconf 89' lang='lat' dir='ltr'>ejus</span> <span class='ocrx_word' id='word_1_243' title='bbox 783 2682 940 2754; x_wconf 89' lang='lat' dir='ltr'>interitum,</span> <span class='ocrx_word' id='word_1_244' title='bbox 959 2701 1011 2739; x_wconf 90' lang='lat' dir='ltr'>sno</span> <span class='ocrx_word' id='word_1_245' title='bbox 1033 2681 1128 2738; x_wconf 88' lang='lat' dir='ltr'>Marte</span> <span class='ocrx_word' id='word_1_246' title='bbox 1150 2700 1197 2737; x_wconf 88' lang='lat' dir='ltr'>res</span> 
     </span>
    </p>

    <p class='ocr_par' dir='ltr' id='par_1_7' title="bbox 155 2759 1197 3150">
     <span class='ocr_line' id='line_1_31' title="bbox 155 2759 1197 2837; baseline -0.002 -20"><span class='ocrx_word' id='word_1_247' title='bbox 155 2763 191 2817; x_wconf 65' lang='grc' dir='ltr'><em>ω</em></span> <span class='ocrx_word' id='word_1_248' title='bbox 206 2776 273 2813; x_wconf 89' lang='lat' dir='ltr'>suas</span> <span class='ocrx_word' id='word_1_249' title='bbox 297 2759 485 2832; x_wconf 83' lang='lat' dir='ltr'>recuperavit.</span> <span class='ocrx_word' id='word_1_250' title='bbox 533 2760 661 2832; x_wconf 83' lang='lat' dir='ltr'>Sciebat,</span> <span class='ocrx_word' id='word_1_251' title='bbox 684 2763 770 2819; x_wconf 90' lang='lat' dir='ltr'>homo</span> <span class='ocrx_word' id='word_1_252' title='bbox 791 2761 915 2836; x_wconf 88' lang='lat' dir='ltr'>sapiens,</span> <span class='ocrx_word' id='word_1_253' title='bbox 936 2761 983 2837; x_wconf 87' lang='lat' dir='ltr'>jus</span> <span class='ocrx_word' id='word_1_254' title='bbox 1005 2779 1117 2835; x_wconf 90' lang='lat' dir='ltr'>semper</span> <span class='ocrx_word' id='word_1_255' title='bbox 1139 2760 1197 2816; x_wconf 91' lang='lat' dir='ltr'>hoc</span> 
     </span>
     <span class='ocr_line' id='line_1_32' title="bbox 206 2835 1196 2915; baseline 0.001 -23"><span class='ocrx_word' id='word_1_256' title='bbox 206 2835 303 2905; x_wconf 83' lang='lat' dir='ltr'>luisse,</span> <span class='ocrx_word' id='word_1_257' title='bbox 319 2845 359 2906; x_wconf 92' lang='lat' dir='ltr'>ut,</span> <span class='ocrx_word' id='word_1_258' title='bbox 378 2855 441 2910; x_wconf 83' lang='lat' dir='ltr'>qnae</span> <span class='ocrx_word' id='word_1_259' title='bbox 462 2838 576 2912; x_wconf 86' lang='lat' dir='ltr'>tyranni</span> <span class='ocrx_word' id='word_1_260' title='bbox 601 2838 782 2914; x_wconf 86' lang='lat' dir='ltr'>eripuissent,</span> <span class='ocrx_word' id='word_1_261' title='bbox 804 2858 849 2910; x_wconf 86' lang='lat' dir='ltr'>ea,</span> <span class='ocrx_word' id='word_1_262' title='bbox 871 2839 1001 2915; x_wconf 84' lang='lat' dir='ltr'>tyrannis</span> <span class='ocrx_word' id='word_1_263' title='bbox 1024 2838 1196 2909; x_wconf 87' lang='lat' dir='ltr'>intersectis,</span> 
     </span>
     <span class='ocr_line' id='line_1_33' title="bbox 205 2911 1197 2994; baseline 0.004 -26"><span class='ocrx_word' id='word_1_264' title='bbox 205 2911 236 2982; x_wconf 87' lang='lat' dir='ltr'>ii,</span> <span class='ocrx_word' id='word_1_265' title='bbox 250 2913 353 2986; x_wconf 88' lang='lat' dir='ltr'>quibus</span> <span class='ocrx_word' id='word_1_266' title='bbox 366 2924 464 2990; x_wconf 89' lang='lat' dir='ltr'>erepta</span> <span class='ocrx_word' id='word_1_267' title='bbox 477 2926 584 2986; x_wconf 91' lang='lat' dir='ltr'>essent,</span> <span class='ocrx_word' id='word_1_268' title='bbox 598 2927 810 2992; x_wconf 88' lang='lat' dir='ltr'>recuperarent.</span> <span class='ocrx_word' id='word_1_269' title='bbox 851 2916 947 2976; x_wconf 90' lang='lat' dir='ltr'>Nemo</span> <span class='ocrx_word' id='word_1_270' title='bbox 961 2917 1047 2994; x_wconf 83' lang='lat' dir='ltr'>igitur</span> <span class='ocrx_word' id='word_1_271' title='bbox 1061 2916 1197 2991; x_wconf 89' lang='lat' dir='ltr'>jurecon-</span> 
     </span>
     <span class='ocr_line' id='line_1_34' title="bbox 205 2990 1197 3071; baseline 0.006 -25"><span class='ocrx_word' id='word_1_272' title='bbox 205 2990 306 3062; x_wconf 87' lang='lat' dir='ltr'>sultus,</span> <span class='ocrx_word' id='word_1_273' title='bbox 327 3011 365 3048; x_wconf 88' lang='lat' dir='ltr'>ne</span> <span class='ocrx_word' id='word_1_274' title='bbox 388 2992 441 3049; x_wconf 89' lang='lat' dir='ltr'>iste</span> <span class='ocrx_word' id='word_1_275' title='bbox 461 2993 587 3068; x_wconf 91' lang='lat' dir='ltr'>quidem,</span> <span class='ocrx_word' id='word_1_276' title='bbox 607 2995 657 3070; x_wconf 90' lang='lat' dir='ltr'>qui</span> <span class='ocrx_word' id='word_1_277' title='bbox 680 2996 733 3053; x_wconf 88' lang='lat' dir='ltr'>tibi</span> <span class='ocrx_word' id='word_1_278' title='bbox 752 2997 803 3053; x_wconf 90' lang='lat' dir='ltr'>nni</span> <span class='ocrx_word' id='word_1_279' title='bbox 830 3006 874 3053; x_wconf 91' lang='lat' dir='ltr'>est</span> <span class='ocrx_word' id='word_1_280' title='bbox 897 2991 1120 3071; x_wconf 83' lang='lat' dir='ltr'>jureconsultus,</span> <span class='ocrx_word' id='word_1_281' title='bbox 1145 3013 1197 3069; x_wconf 85' lang='lat' dir='ltr'>per</span> 
     </span>
     <span class='ocr_line' id='line_1_35' title="bbox 204 3070 1197 3150; baseline 0.004 -26"><span class='ocrx_word' id='word_1_282' title='bbox 204 3087 288 3144; x_wconf 87' lang='lat' dir='ltr'>quem</span> <span class='ocrx_word' id='word_1_283' title='bbox 304 3070 366 3127; x_wconf 84' lang='lat' dir='ltr'>haec</span> <span class='ocrx_word' id='word_1_284' title='bbox 381 3070 452 3146; x_wconf 84' lang='lat' dir='ltr'>agis,</span> <span class='ocrx_word' id='word_1_285' title='bbox 466 3090 502 3128; x_wconf 85' lang='lat' dir='ltr'>ex</span> <span class='ocrx_word' id='word_1_286' title='bbox 517 3071 571 3128; x_wconf 77' lang='lat' dir='ltr'>ism</span> <span class='ocrx_word' id='word_1_287' title='bbox 585 3074 748 3150; x_wconf 69' lang='lat' dir='ltr'>syngrapha</span> <span class='ocrx_word' id='word_1_288' title='bbox 770 3074 869 3130; x_wconf 89' lang='lat' dir='ltr'>deberi</span> <span class='ocrx_word' id='word_1_289' title='bbox 893 3075 965 3131; x_wconf 85' lang='lat' dir='ltr'>dIcit</span> <span class='ocrx_word' id='word_1_290' title='bbox 985 3093 1036 3148; x_wconf 88' lang='lat' dir='ltr'>pro</span> <span class='ocrx_word' id='word_1_291' title='bbox 1051 3073 1086 3129; x_wconf 93' lang='lat' dir='ltr'>iis</span> <span class='ocrx_word' id='word_1_292' title='bbox 1109 3073 1197 3129; x_wconf 89' lang='lat' dir='ltr'>rebus</span> 
     </span>
    </p>

    <p class='ocr_par' dir='ltr' id='par_1_8' title="bbox 155 3151 1196 3441">
     <span class='ocr_line' id='line_1_36' title="bbox 155 3151 1195 3228; baseline 0.001 -21"><span class='ocrx_word' id='word_1_293' title='bbox 155 3153 191 3207; x_wconf 80' lang='lat'>35</span> <span class='ocrx_word' id='word_1_294' title='bbox 205 3165 268 3222; x_wconf 79' lang='lat' dir='ltr'>quae</span> <span class='ocrx_word' id='word_1_295' title='bbox 280 3159 363 3205; x_wconf 86' lang='lat' dir='ltr'>erant</span> <span class='ocrx_word' id='word_1_296' title='bbox 374 3159 441 3206; x_wconf 89' lang='lat' dir='ltr'>ante</span> <span class='ocrx_word' id='word_1_297' title='bbox 450 3152 641 3226; x_wconf 83' lang='lat' dir='ltr'>syngrapham</span> <span class='ocrx_word' id='word_1_298' title='bbox 655 3163 841 3228; x_wconf 73' lang='lat' dir='ltr'>recuperata.</span> <span class='ocrx_word' id='word_1_299' title='bbox 863 3151 932 3209; x_wconf 92' lang='lat' dir='ltr'>Non</span> <span class='ocrx_word' id='word_1_300' title='bbox 943 3152 1021 3208; x_wconf 93' lang='lat' dir='ltr'>enim</span> <span class='ocrx_word' id='word_1_301' title='bbox 1036 3170 1053 3208; x_wconf 93' lang='lat' dir='ltr'>a</span> <span class='ocrx_word' id='word_1_302' title='bbox 1066 3160 1094 3207; x_wconf 88' lang='lat' dir='ltr'>te</span> <span class='ocrx_word' id='word_1_303' title='bbox 1105 3151 1195 3208; x_wconf 89' lang='lat' dir='ltr'>emit:</span> 
     </span>
     <span class='ocr_line' id='line_1_37' title="bbox 204 3224 1196 3305; baseline 0.004 -24"><span class='ocrx_word' id='word_1_304' title='bbox 204 3226 256 3282; x_wconf 89' lang='lat' dir='ltr'>sed</span> <span class='ocrx_word' id='word_1_305' title='bbox 278 3224 368 3301; x_wconf 69' lang='lat' dir='ltr'>prius,</span> <span class='ocrx_word' id='word_1_306' title='bbox 382 3231 467 3303; x_wconf 73' lang='lat' dir='ltr'>quim</span> <span class='ocrx_word' id='word_1_307' title='bbox 483 3238 514 3285; x_wconf 89' lang='lat' dir='ltr'>tn</span> <span class='ocrx_word' id='word_1_308' title='bbox 537 3248 620 3286; x_wconf 91' lang='lat' dir='ltr'>suum</span> <span class='ocrx_word' id='word_1_309' title='bbox 641 3230 696 3286; x_wconf 91' lang='lat' dir='ltr'>sibi</span> <span class='ocrx_word' id='word_1_310' title='bbox 716 3230 866 3301; x_wconf 88' lang='lat' dir='ltr'>venderes,</span> <span class='ocrx_word' id='word_1_311' title='bbox 883 3230 943 3305; x_wconf 88' lang='lat' dir='ltr'>ipse</span> <span class='ocrx_word' id='word_1_312' title='bbox 964 3229 1098 3305; x_wconf 90' lang='lat' dir='ltr'>possedit.</span> <span class='ocrx_word' id='word_1_313' title='bbox 1142 3228 1196 3286; x_wconf 88' lang='lat' dir='ltr'>Ille</span> 
     </span>
     <span class='ocr_line' id='line_1_38' title="bbox 204 3304 1196 3384; baseline 0.003 -24"><span class='ocrx_word' id='word_1_314' title='bbox 204 3304 247 3361; x_wconf 86' lang='lat' dir='ltr'>vir</span> <span class='ocrx_word' id='word_1_315' title='bbox 268 3304 338 3363; x_wconf 83' lang='lat' dir='ltr'>fuit:</span> <span class='ocrx_word' id='word_1_316' title='bbox 372 3325 425 3364; x_wconf 88' lang='lat' dir='ltr'>nos</span> <span class='ocrx_word' id='word_1_317' title='bbox 448 3306 565 3381; x_wconf 89' lang='lat' dir='ltr'>quidem</span> <span class='ocrx_word' id='word_1_318' title='bbox 586 3308 801 3382; x_wconf 89' lang='lat' dir='ltr'>contemnendi,</span> <span class='ocrx_word' id='word_1_319' title='bbox 823 3308 873 3384; x_wconf 88' lang='lat' dir='ltr'>qui</span> <span class='ocrx_word' id='word_1_320' title='bbox 902 3318 1050 3366; x_wconf 85' lang='lat' dir='ltr'>auctorem</span> <span class='ocrx_word' id='word_1_321' title='bbox 1069 3307 1196 3379; x_wconf 86' lang='lat' dir='ltr'>odImus,</span> 
     </span>
     <span class='ocr_line' id='line_1_39' title="bbox 204 3384 475 3441; baseline 0.004 -1"><span class='ocrx_word' id='word_1_322' title='bbox 204 3393 270 3440; x_wconf 87' lang='lat' dir='ltr'>acta</span> <span class='ocrx_word' id='word_1_323' title='bbox 284 3384 475 3441; x_wconf 84' lang='lat' dir='ltr'>defendimus.</span> 
     </span>
    </p>

    <p class='ocr_par' dir='ltr' id='par_1_9' title="bbox 243 3461 1197 3541">
     <span class='ocr_line' id='line_1_40' title="bbox 243 3461 1197 3541; baseline 0.002 -24"><span class='ocrx_word' id='word_1_324' title='bbox 243 3461 423 3520; x_wconf 91' lang='lat' dir='ltr'>XXXVIII.</span> <span class='ocrx_word' id='word_1_325' title='bbox 463 3462 547 3525; x_wconf 77' lang='lat' dir='ltr'>Quid</span> <span class='ocrx_word' id='word_1_326' title='bbox 560 3483 615 3541; x_wconf 86' lang='lat' dir='ltr'>ego</span> <span class='ocrx_word' id='word_1_327' title='bbox 628 3464 665 3521; x_wconf 92' lang='lat' dir='ltr'>de</span> <span class='ocrx_word' id='word_1_328' title='bbox 686 3464 901 3522; x_wconf 89' lang='lat' dir='ltr'>commentariis</span> <span class='ocrx_word' id='word_1_329' title='bbox 923 3463 1052 3533; x_wconf 87' lang='lat' dir='ltr'>infinitis,</span> <span class='ocrx_word' id='word_1_330' title='bbox 1067 3463 1136 3538; x_wconf 91' lang='lat' dir='ltr'>quid</span> <span class='ocrx_word' id='word_1_331' title='bbox 1159 3463 1197 3520; x_wconf 87' lang='lat' dir='ltr'>de</span> 
     </span>
    </p>

    <p class='ocr_par' dir='ltr' id='par_1_10' title="bbox 154 3537 1200 3937">
     <span class='ocr_line' id='line_1_41' title="bbox 154 3537 1199 3620; baseline 0.001 -24"><span class='ocrx_word' id='word_1_332' title='bbox 154 3542 190 3596; x_wconf 78' lang='lat'>40</span> <span class='ocrx_word' id='word_1_333' title='bbox 205 3537 462 3597; x_wconf 82' lang='lat' dir='ltr'>Innumerabilibus</span> <span class='ocrx_word' id='word_1_334' title='bbox 487 3543 695 3619; x_wconf 86' lang='lat' dir='ltr'>chirographis,</span> <span class='ocrx_word' id='word_1_335' title='bbox 716 3544 835 3618; x_wconf 90' lang='lat' dir='ltr'>loquarl</span> <span class='ocrx_word' id='word_1_336' title='bbox 855 3562 975 3620; x_wconf 88' lang='lat' dir='ltr'>quorum</span> <span class='ocrx_word' id='word_1_337' title='bbox 995 3542 1082 3599; x_wconf 84' lang='lat' dir='ltr'>etiam</span> <span class='ocrx_word' id='word_1_338' title='bbox 1104 3541 1199 3598; x_wconf 86' lang='lat' dir='ltr'>Imita-</span> 
     </span>
     <span class='ocr_line' id='line_1_42' title="bbox 203 3618 1199 3697; baseline 0.003 -24"><span class='ocrx_word' id='word_1_339' title='bbox 203 3625 279 3695; x_wconf 87' lang='lat' dir='ltr'>tores</span> <span class='ocrx_word' id='word_1_340' title='bbox 293 3629 370 3688; x_wconf 89' lang='lat' dir='ltr'>sunt,</span> <span class='ocrx_word' id='word_1_341' title='bbox 384 3619 432 3693; x_wconf 90' lang='lat' dir='ltr'>qui</span> <span class='ocrx_word' id='word_1_342' title='bbox 446 3638 491 3690; x_wconf 89' lang='lat' dir='ltr'>ea,</span> <span class='ocrx_word' id='word_1_343' title='bbox 505 3630 642 3695; x_wconf 91' lang='lat' dir='ltr'>tanquam</span> <span class='ocrx_word' id='word_1_344' title='bbox 662 3621 852 3697; x_wconf 82' lang='lat' dir='ltr'>gladiatorum</span> <span class='ocrx_word' id='word_1_345' title='bbox 872 3621 992 3691; x_wconf 89' lang='lat' dir='ltr'>libellos,</span> <span class='ocrx_word' id='word_1_346' title='bbox 1007 3618 1103 3696; x_wconf 81' lang='lat' dir='ltr'>palbm</span> <span class='ocrx_word' id='word_1_347' title='bbox 1129 3638 1199 3676; x_wconf 85' lang='lat' dir='ltr'>ven·</span> 
     </span>
     <span class='ocr_line' id='line_1_43' title="bbox 204 3694 1199 3775; baseline 0.004 -26"><span class='ocrx_word' id='word_1_348' title='bbox 204 3694 304 3751; x_wconf 91' lang='lat' dir='ltr'>ditent.</span> <span class='ocrx_word' id='word_1_349' title='bbox 346 3695 447 3771; x_wconf 90' lang='lat' dir='ltr'>Itaque</span> <span class='ocrx_word' id='word_1_350' title='bbox 461 3699 534 3755; x_wconf 86' lang='lat' dir='ltr'>tanti</span> <span class='ocrx_word' id='word_1_351' title='bbox 549 3700 644 3756; x_wconf 88' lang='lat' dir='ltr'>acervi</span> <span class='ocrx_word' id='word_1_352' title='bbox 658 3718 839 3757; x_wconf 90' lang='lat' dir='ltr'>nummorum</span> <span class='ocrx_word' id='word_1_353' title='bbox 855 3700 930 3775; x_wconf 85' lang='lat' dir='ltr'>apud</span> <span class='ocrx_word' id='word_1_354' title='bbox 954 3700 1039 3756; x_wconf 90' lang='lat' dir='ltr'>istum</span> <span class='ocrx_word' id='word_1_355' title='bbox 1066 3708 1199 3754; x_wconf 88' lang='lat' dir='ltr'>constru-</span> 
     </span>
     <span class='ocr_line' id='line_1_44' title="bbox 204 3774 1199 3852; baseline 0.005 -25"><span class='ocrx_word' id='word_1_356' title='bbox 204 3782 301 3842; x_wconf 90' lang='lat' dir='ltr'>untur,</span> <span class='ocrx_word' id='word_1_357' title='bbox 316 3783 347 3830; x_wconf 88' lang='lat' dir='ltr'>ut</span> <span class='ocrx_word' id='word_1_358' title='bbox 364 3774 424 3849; x_wconf 77' lang='lat' dir='ltr'>jam</span> <span class='ocrx_word' id='word_1_359' title='bbox 447 3777 655 3850; x_wconf 85' lang='lat' dir='ltr'>appendantur,</span> <span class='ocrx_word' id='word_1_360' title='bbox 670 3796 727 3834; x_wconf 89' lang='lat' dir='ltr'>non</span> <span class='ocrx_word' id='word_1_361' title='bbox 752 3788 949 3847; x_wconf 89' lang='lat' dir='ltr'>numerentur,</span> <span class='ocrx_word' id='word_1_362' title='bbox 963 3776 1105 3852; x_wconf 68' lang='lat' dir='ltr'>pecunie.</span> <span class='ocrx_word' id='word_1_363' title='bbox 1156 3777 1199 3832; x_wconf 87' lang='lat' dir='ltr'>At</span> 
     </span>
     <span class='ocr_line' id='line_1_45' title="bbox 202 3847 1200 3937; baseline 0.006 -32"><span class='ocrx_word' id='word_1_364' title='bbox 202 3847 290 3924; x_wconf 73' lang='lat' dir='ltr'>quim</span> <span class='ocrx_word' id='word_1_365' title='bbox 304 3869 385 3908; x_wconf 80' lang='lat' dir='ltr'>caeca</span> <span class='ocrx_word' id='word_1_366' title='bbox 398 3852 517 3910; x_wconf 79' lang='lat' dir='ltr'>avaritia</span> <span class='ocrx_word' id='word_1_367' title='bbox 529 3863 573 3910; x_wconf 88' lang='lat' dir='ltr'>est</span> <span class='ocrx_word' id='word_1_368' title='bbox 584 3855 591 3911; x_wconf 88' lang='lat' dir='ltr'>l</span> <span class='ocrx_word' id='word_1_369' title='bbox 626 3854 656 3911; x_wconf 94' lang='lat' dir='ltr'>N</span> <span class='ocrx_word' id='word_1_370' title='bbox 658 3873 727 3937; x_wconf 73' lang='lat' dir='ltr'>uper</span> <span class='ocrx_word' id='word_1_371' title='bbox 741 3855 799 3914; x_wconf 85' lang='lat' dir='ltr'>fixa</span> <span class='ocrx_word' id='word_1_372' title='bbox 812 3856 911 3914; x_wconf 83' lang='lat' dir='ltr'>tabula</span> <span class='ocrx_word' id='word_1_373' title='bbox 923 3865 977 3927; x_wconf 87' lang='lat' dir='ltr'>est,</span> <span class='ocrx_word' id='word_1_374' title='bbox 991 3855 1050 3932; x_wconf 74' lang='lat' dir='ltr'>qud</span> <span class='ocrx_word' id='word_1_375' title='bbox 1064 3853 1200 3911; x_wconf 84' lang='lat' dir='ltr'>civitates</span> 
     </span>
    </p>
   </div>
   <div class='ocr_carea' id='block_1_3' title="bbox 0 0 1339 4468">
    <p class='ocr_par' dir='ltr' id='par_1_11' title="bbox 0 0 1339 4468">
     <span class='ocr_line' id='line_1_46' title="bbox 0 0 1339 4468; baseline 0 0"><span class='ocrx_word' id='word_1_376' title='bbox 0 0 1339 4468; x_wconf 95' lang='lat' dir='ltr'> </span> 
     </span>
    </p>
   </div>
  </div>
 </body>
</html>
