2702 4464
308 360 311 367 ’
375 363 512 413 ORATIO
534 361 569 411 11.
592 361 630 411 IN
652 361 683 410 L.
706 361 920 412 CATILINAM.
1021 432 1027 439 ⁴
1150 361 1192 420 23

160 507 290 565 arbitror
330 505 394 567 Qui
415 505 555 575 homines,
572 502 706 580 primum,
720 504 745 562 si
759 514 835 563 stare
856 524 915 563 non
932 515 1063 596 possunt,
1081 525 1143 564 cor·

160 596 262 654 ruant;
284 585 399 653 sedita,
414 594 516 640 utnon
538 582 623 640 modo
646 583 758 654 civitas,
781 584 831 641 sed
853 603 891 641 ne
912 584 1003 641 vicini
1025 584 1142 659 quidem

160 663 282 740 proximi
308 663 442 719 sentiant
490 660 569 718 Nam
596 661 668 718 illud
696 680 754 719 non
784 661 922 751 intelligo,
944 663 1142 736 quamobrem,

158 743 187 799 -si
201 742 295 798 vivere
309 740 428 798 honeste
443 759 500 797 non
514 749 641 814 possunt,
655 739 748 815 perire
764 741 884 816 turpiter
898 740 1003 810 velint;
1026 751 1076 798 aut
1090 760 1143 798 cur

163 820 273 876 minore
286 819 383 877 dolore
395 818 536 893 perituros
549 836 581 875 se
595 837 662 875 cum
676 818 784 888 multis,
797 816 928 894 qudm
906 838 930 876 si
947 784 1003 876 soli
1013 828 1142 895 pereant,
1175 818 1193 872 5

165 898 347 955 arbitrentur.

202 975 349 1037 Quintum
362 994 453 1051 genus
466 983 510 1032 est
522 973 741 1049 parricidarum,
756 973 939 1046 sicariorum,
948 975 1073 1051 denique
1085 994 1146 1034 om·

164 1055 245 1113 nium
260 1054 499 1111 facinorosorum:
520 1072 640 1128 quos
604 1071 659 1109 eoo
674 1071 690 1109 a
704 1052 833 1109 Catilind
854 1072 913 1110 non
934 1072 1054 1111 revoco:
1076 1072 1145 1111 nam

164 1152 258 1221 neque
271 1131 368 1189 divelli
384 1132 419 1187 ab
440 1150 474 1188 eo
495 1139 629 1206 possunt:
651 1140 680 1187 et
701 1140 821 1206 pereant
843 1130 944 1188 sane
937 1151 967 1188 ιιι
984 1132 1144 1203 latrocinio,

72 1250 76 1259 -
164 1211 300 1291 quoniam
315 1219 382 1266 sunt
395 1210 435 1266 ita
448 1209 541 1278 multi,
559 1219 591 1266 ut
605 1227 653 1266 eos
667 1228 771 1286 capere
785 1228 885 1267 carcer
898 1229 956 1267 non
969 1210 1065 1285 possit.
1160 1206 1195 1260 10

165 1314 175 1345 s
205 1289 383 1345 Postremum
401 1297 496 1344 autem
518 1306 610 1363 genus
631 1296 684 1357 est,
706 1307 764 1345 non
785 1286 878 1345 solinn
900 1307 1031 1358 numero,
1045 1306 1145 1345 verum

166 1367 254 1424 etiam
281 1385 387 1442 genere
414 1366 474 1441 ipso
501 1375 586 1456 atque
613 1365 682 1435 vita,
710 1367 785 1441 quod
811 1366 955 1442 proprium
982 1376 1025 1424 est
1045 1367 1147 1424 Catili-

166 1464 221 1515 nae,
251 1445 287 1502 de
313 1445 375 1519 ejus
403 1444 565 1513 delectu,
557 1463 645 1502 immo
679 1442 746 1502 vero
782 1445 818 1501 de
846 1444 994 1520 complexu
1021 1445 1083 1521 ejus
1110 1464 1146 1501 ac

166 1524 250 1591 sinu3
279 1542 349 1598 quos
370 1542 442 1598 pexo
464 1523 579 1597 capillo,
602 1522 717 1593 nitidos,
741 1533 790 1580 aut
817 1523 970 1594 imberbes,
993 1534 1042 1580 aut
1069 1521 1144 1581 bene

167 1602 309 1671 barbatos,
325 1601 443 1670 videtis;
464 1600 618 1657 manicatis
631 1609 660 1657 et
673 1601 812 1658 talaribus
826 1602 954 1670 tunicis3,
971 1602 1042 1659 velis
1058 1602 1195 1658 amic-15

166 1691 220 1749 tos,
248 1699 305 1737 non
326 1679 417 1756 togis:
439 1698 560 1754 quorum
581 1679 674 1736 omnis
696 1680 838 1736 industria
859 1680 934 1749 vitae,
957 1690 986 1737 et
1007 1680 1146 1755 vigilandi

94 1822 100 1828 ¹
167 1757 256 1828 labor,
279 1759 309 1814 in
331 1757 512 1814 antelucanis
534 1758 625 1814 ooenis
647 1758 828 1834 expromitur.
878 1757 914 1814 In
939 1758 983 1815 his
1010 1758 1146 1834 gregibus

166 1855 267 1894 omnes
281 1836 430 1911 aleatores,
444 1854 544 1893 omnes
558 1836 691 1907 adulteri,
705 1855 805 1894 omnes
821 1837 925 1913 impuri
940 1836 1144 1913 impudicique,

168 1914 323 1972 versantur.
365 1914 407 1971 Hi
417 1915 499 1990 pueri
513 1924 572 1971 tam
585 1915 674 1992 lepidi
689 1934 724 1972 ac
738 1915 864 1985 delicati,
874 1935 931 1972 non
946 1913 1038 1972 solum
1048 1933 1146 1971 amare

167 2002 198 2050 et
212 1993 311 2063 amari,
325 2012 418 2068 neque
441 2003 559 2051 cantare
581 2003 610 2050 et
631 1994 745 2063 saltare,
760 1992 811 2050 sed
833 1994 920 2050 etiam
934 1994 1010 2050 sicas
1023 1993 1144 2063 vibrare,
1160 1999 1196 2053 20

167 2080 197 2128 et
210 2090 344 2147 spargere
357 2089 478 2141 venena,
493 2072 675 2129 didicerunt:
695 2071 744 2146 qui
753 2071 810 2128 uisi
821 2081 936 2142 exeunt,
945 2072 1001 2129 nisi
1014 2081 1145 2147 pereunt,

168 2149 281 2207 etiamsi
295 2149 422 2206 Catilina
434 2149 560 2224 perierit,
570 2150 671 2208 scitote
684 2151 740 2207 hoo
754 2151 784 2207 in
797 2151 944 2225 republicd
959 2149 1145 2207 seminarium

170 2225 401 2306 [Catilinarium]
418 2227 553 2285 futurum.
595 2228 795 2286 Veruntamen
811 2229 880 2303 quid
902 2229 957 2285 sibi
979 2229 1026 2285 isti
1048 2228 1146 2285 miseri

167 2306 286 2363 voluntl
306 2325 376 2363 num
390 2324 457 2362 suas
470 2325 570 2362 secum
592 2307 777 2364 mulierculas
798 2316 864 2363 sunt
886 2307 916 2363 in
930 2317 1025 2364 castra
1046 2307 1147 2362 ductu-

118 2426 123 2435 ·
168 2385 214 2442 rit
234 2384 473 2459 quemadmodum
488 2395 584 2441 autem
598 2384 655 2441 illis
669 2403 768 2441 carere
780 2394 922 2459 poterunt,
933 2385 977 2441 his
989 2385 1144 2459 praesertim
1159 2390 1196 2445 25

174 2462 234 2537 jam
248 2463 400 2520 noctibust
421 2481 477 2537 quo
492 2472 587 2519 autem
601 2473 685 2537 pacto
706 2462 747 2518 illi
769 2462 965 2537 Apenninum,
982 2472 1066 2536 atque
1083 2462 1146 2518 illas

168 2541 286 2616 pruinas
301 2559 336 2598 ac
349 2541 438 2610 nives,
453 2541 617 2616 perferent?
639 2541 695 2597 nisi
716 2540 827 2598 idcirco
840 2559 871 2597 se
893 2538 1008 2597 facilius
1023 2540 1146 2597 hiemem

168 2619 336 2676 toleraturos
348 2628 460 2695 putant,
474 2618 552 2693 quod
566 2619 637 2676 nudi
651 2620 682 2676 in
696 2619 834 2676 conviviis
848 2619 952 2676 saltare
973 2619 1144 2676 didicerunt

168 2696 197 2753 O
212 2697 318 2754 bellum
332 2695 505 2773 magnopere
519 2697 790 2773 pertimescendum,
806 2695 874 2755 clim
894 2700 971 2756 hanc
984 2697 1021 2754 sit
1035 2697 1147 2754 habitu·

168 2795 218 2833 rus
231 2776 359 2833 Catilina
372 2785 530 2833 scortorum
543 2777 687 2833 cohortem
701 2776 878 2851 praetoriaml
1159 2781 1196 2835 30

208 2853 263 2911 XI.
285 2853 422 2911 Instrurte
430 2873 519 2923 nunc,
527 2853 670 2923 Quirites
680 2866 780 2911 eontra
789 2857 840 2912 has
848 2865 907 2912 tam
916 2853 1069 2931 praeclaras
1078 2854 1147 2911 Cat-

170 2932 246 2990 ilinae
260 2932 365 3007 copias,
375 2942 469 2989 vestra
476 2932 609 3007 praesrdra
617 2942 779 3006 vestrosque
793 2934 953 2991 exercitus:
978 2943 1008 2992 et
1021 2930 1146 3008 primirm

168 3010 318 3086 gladiatori
333 3010 374 3067 illi
389 3011 520 3067 confecto
533 3020 562 3066 et
575 3011 675 3068 saucio
688 3012 840 3069 eonsules'
834 3022 1073 3102 imperatoresque
1087 3030 1147 3068 ves-

168 3098 226 3145 tros
238 3089 387 3164 opponite:
408 3088 524 3157 deinde,
539 3099 639 3145 contra
653 3089 731 3145 illam
745 3090 949 3166 naufragorum
966 3092 1090 3165 ejectam
1111 3109 1146 3146 ac

168 3166 346 3223 debilitatam
369 3185 496 3235 manum,
513 3166 611 3224 florem
632 3167 720 3225 totius
742 3167 835 3224 Italiae
857 3187 892 3226 ac
913 3170 999 3226 robur
1020 3159 1196 3226 educite35

126 3316 127 3321 ἵ
168 3244 236 3300 Jam
249 3242 316 3302 verb
331 3245 417 3301 urbes
434 3245 610 3302 coloniarum
634 3264 668 3302 ac
690 3246 911 3321 municipiorum
934 3246 1146 3322 respondebunt

168 3322 303 3379 Catilina
316 3322 435 3379 tumulis
457 3323 640 3380 silvestribus.
681 3323 786 3399 Neque
808 3323 875 3381 verb
898 3335 1018 3382 caeteras
1038 3324 1146 3398 copias,

166 3410 346 3470 ornamenta,
359 3401 493 3476 praesidia
506 3412 608 3470 vestra,
624 3420 690 3458 cum
705 3402 783 3459 illius
803 3402 921 3459 latronis
943 3402 1039 3476 iuopia
1062 3411 1146 3474 atque

165 3488 295 3554 egestate
310 3479 439 3536 conferre
452 3480 551 3536 debeo.
594 3479 695 3536 Sed
656 3499 707 3549 s‚1,
716 3480 830 3537 omissis
843 3480 888 3536 his
902 3480 988 3537 rebus
1002 3479 1145 3549 omnibus,

166 3556 272 3644 quibus
285 3575 338 3612 nos
359 3558 581 3632 suppeditamus,
604 3568 670 3632 eget
692 3558 750 3627 ille,
774 3556 900 3632 (senatu,
923 3558 1067 3655 equitibus
1087 3557 1147 3614 Ro·
1160 3554 1195 3608 40

166 3632 272 3724 manis,
285 3633 397 3709 populo,
413 3635 492 3704 urbe,
508 3635 617 3703 aerario,
632 3635 831 3710 vectigalibus,
847 3637 954 3694 cuncta
975 3637 1071 3705 Italia,
1085 3655 1147 3712 pro·

166 3711 271 3768 vinciis
291 3712 434 3783 omnibus,
456 3714 561 3770 exteris
587 3713 765 3789 nationibus)
794 3714 829 3784 si,
850 3714 895 3771 his
916 3715 1002 3772 rebus
1022 3715 1145 3784 omissis,

166 3791 243 3866 ipsas
257 3809 370 3861 causas,
384 3811 447 3866 quae
470 3792 544 3848 inter
566 3811 598 3848 se
620 3790 788 3879 confligunt,
811 3795 986 3851 contendere
1007 3794 1144 3861 velimus3

166 3887 203 3926 ex
223 3888 259 3927 eo
279 3868 349 3944 ipso,
370 3868 457 3944 quam
478 3867 561 3926 valde
584 3869 624 3926 illi
644 3868 771 3945 jaceant,
798 3870 959 3947 intelligere
985 3889 1144 3946 possumus.
