2702 4464
403 389 540 440 ORATIO
562 388 632 438 PRO
654 389 688 447 Q.
710 387 872 438 LIGARIO.
932 386 937 395 ’
1145 389 1184 449 71

145 539 226 599 nullo
254 535 370 613 publico
399 533 529 604 consilio,
550 532 741 590 deferebatur.
782 531 885 606 Itaque
915 531 1060 607 Ligarius,
1088 530 1138 606 qui

146 637 232 677 omne
246 616 302 672 tale
316 613 464 690 negotium
488 621 607 688 cuperet
626 610 764 688 effugere,
777 610 897 687 paulirm
920 612 1045 668 adventu
1065 609 1138 668 Vari

148 694 319 770 conquievit.

187 775 227 831 II.
263 773 380 841 Adhuc,
403 769 459 827 Gai
483 768 591 839 Caesar,
612 768 653 829 Q.
676 768 812 845 Ligarius
834 766 914 825 omni
937 766 1023 843 culpd
1044 775 1136 825 vacat.

147 852 242 910 Domo
255 861 298 908 est
312 868 454 926 egressus,
469 867 527 906 non
541 845 626 905 modd
645 848 756 904 nullum
779 848 815 904 ad
838 847 957 918 bellum,
971 847 1022 903 sed
1043 865 1080 904 ue
1101 846 1138 903 ad
1168 849 1187 902 5

147 931 296 989 minimam
311 929 428 1003 quidem
437 927 630 1002 suspicionem
651 926 737 982 belli:
758 926 869 1001 legatus
890 926 921 982 in
943 944 1016 1002 pace
1029 925 1140 1000 profec-

147 1021 204 1081 tus,
219 1009 249 1066 in
262 1004 608 1084 provincidpacatissimd
632 1004 673 1061 ita
696 1024 727 1061 se
748 1004 847 1081 gessit,
862 1013 894 1060 ut
911 1004 939 1061 ei
959 1022 1061 1079 pacem
1075 1022 1139 1061 esse

148 1088 303 1164 expediret.
345 1084 489 1142 Profectio
502 1081 582 1141 certe
607 1083 735 1140 animum
757 1093 839 1140 tuum
861 1102 918 1140 non
945 1083 1031 1139 debet
1051 1082 1140 1139 offen·

149 1169 227 1225 dere.
269 1164 349 1221 Num
363 1164 449 1239 igitur
463 1162 628 1219 remansiol
669 1161 763 1218 Multd
779 1160 894 1218 minrls:
914 1179 983 1219 narn
1002 1160 1140 1236 profectio

148 1245 324 1303 voluntatem
337 1242 438 1299 habuit
451 1261 509 1298 non
529 1250 650 1316 turpem,
664 1240 808 1298 remansio
828 1240 916 1296 etiam
936 1240 1139 1297 necessitatem
1154 1241 1189 1296 10

149 1325 307 1382 honestam.
349 1320 427 1397 Ergo
443 1322 508 1377 lraec
531 1319 589 1376 duo
611 1328 740 1394 tempora
763 1327 863 1376 carent
877 1318 1017 1388 crimine3
1038 1337 1138 1389 unum,

149 1400 218 1460 edm
232 1411 275 1458 est
288 1400 400 1476 legatus
417 1399 580 1474 profectus3
603 1398 734 1466 alterum,
749 1395 827 1467 crim,
841 1397 1014 1473 efflagitatus
1039 1416 1056 1455 a
1078 1417 1141 1473 pro·

148 1479 255 1550 vincia,
278 1477 445 1554 prepositus
472 1477 581 1534 Africae
608 1485 660 1533 est.
701 1475 836 1533 Tertium
860 1486 903 1533 est
929 1485 1050 1551 tempus,
1073 1495 1139 1551 quo,

69 1560 72 1563 ’
148 1568 211 1636 post
226 1559 380 1615 adventum
394 1556 475 1626 Vari,
491 1556 521 1613 in
543 1554 646 1612 Africa
669 1554 789 1624 restitit;
811 1553 925 1629 quodsi
949 1564 993 1611 est
1006 1555 1141 1612 crimino·

149 1656 223 1707 sum,
237 1635 419 1694 necessitatis
432 1636 543 1692 crimen
559 1645 612 1703 est,
626 1653 683 1690 non
707 1633 869 1691 voluntatis.
911 1634 960 1690 An
983 1633 1040 1702 ille,
1055 1634 1080 1690 si
1092 1653 1140 1709 po-
1154 1632 1189 1686 15

55 1730 72 1753 *
148 1716 251 1773 tuisset
264 1715 345 1772 illinc
359 1714 418 1771 ullo
431 1714 516 1771 modo
536 1714 669 1782 evadere,
683 1711 777 1769 Uticae
799 1709 904 1788 potiris,
919 1710 1005 1786 quam
1026 1711 1140 1783 Roma,

149 1813 217 1852 cum
244 1793 277 1850 P.
305 1793 398 1862 Attio,
426 1791 513 1867 quim
540 1810 608 1849 cum
641 1791 873 1848 concordissimis
900 1791 1045 1861 fratribus,
1072 1809 1141 1848 curn

150 1872 252 1930 alienis
265 1891 338 1942 esse,
353 1870 441 1945 quam
465 1889 532 1928 cum
548 1871 617 1940 suis,
642 1869 812 1926 maluissetl
852 1868 930 1927 Cirm
952 1869 1014 1946 ipsa
1034 1870 1142 1946 legatio

149 1952 235 2028 plena
248 1950 384 2008 desiderii
398 1968 434 2007 ac
457 1948 659 2008 sollicitudinis
681 1948 791 2019 fuisset,
805 1958 918 2025 propter
939 1948 1141 2005 incredibilem

150 2029 295 2104 quendam
309 2028 429 2086 fratrum
444 2046 579 2097 amorem,
594 2028 643 2084 hic
657 2046 739 2102 aequo
761 2028 857 2085 animo
880 2046 943 2085 esse
955 2027 1057 2103 potuit,
1072 2026 1140 2084 belli
1152 2036 1189 2090 2⁰

150 2108 274 2165 discidio
287 2107 441 2164 distractus
456 2125 474 2164 a
487 2106 643 2163 fratribusl

190 2185 312 2242 Nullum
326 2186 413 2261 igitur
428 2186 527 2254 habes,
542 2184 651 2255 Caesar,
667 2185 762 2242 adhuc
785 2184 815 2242 in
828 2184 869 2246 Q.
884 2184 1002 2261 Ligario
1025 2184 1141 2261 signum

151 2264 254 2322 alienae
282 2282 299 2321 a
325 2274 354 2321 te
380 2263 549 2321 voluntatis:
585 2263 667 2338 cujus
696 2283 751 2339 ego
777 2282 906 2334 causam,
935 2263 1140 2334 animadverte,

93 2398 95 2403 .
151 2362 257 2416 quaeso,
280 2342 337 2416 qua
359 2341 415 2399 fide
436 2342 598 2412 defendam,
620 2340 690 2399 etun
715 2343 803 2418 prodo
823 2361 926 2399 meam.
967 2341 996 2398 Ο
1017 2342 1142 2399 clemen·

151 2422 222 2478 tiam
251 2420 459 2491 admirabilem,
481 2430 565 2494 atque
584 2421 663 2478 omni
679 2421 780 2495 laude,
804 2420 1017 2496 pradicatione,
1039 2420 1139 2492 literis,
1154 2425 1191 2480 25

151 2499 401 2574 monumentisque
415 2500 622 2556 decorandam!
665 2498 707 2556 M.
723 2500 830 2556 Cicero
852 2499 927 2573 apud
951 2508 979 2556 te
1001 2498 1140 2570 defendit,

152 2579 241 2635 alium
256 2577 285 2634 in
300 2577 336 2634 ea
349 2577 493 2634 voluntate
507 2598 564 2636 non
588 2577 686 2648 fuisse,
710 2578 740 2635 in
764 2577 821 2653 qud
844 2577 968 2653 seipsum
990 2577 1141 2635 confitetur

151 2657 256 2725 fuisse;
278 2675 334 2713 nec
362 2665 426 2712 tuas
449 2657 552 2714 tacitas
574 2656 763 2732 cogitationes
786 2656 964 2725 extimescit;
986 2675 1051 2726 nec,
1071 2656 1141 2732 quid

150 2735 213 2805 tibi,
229 2735 265 2792 de
280 2734 336 2791 alio
351 2736 489 2806 audienti,
504 2736 540 2793 de
555 2755 585 2792 se
600 2736 663 2810 ipso
673 2745 817 2805 occurrat,
832 2734 1005 2792 reformidat.

190 2813 248 2870 ΙΙΙ.
284 2813 369 2883 Vide,
383 2811 470 2887 quim
484 2834 542 2872 non
556 2815 755 2872 reformidem:
776 2814 851 2884 vide,
876 2824 983 2888 quanta
1002 2814 1053 2872 lux
1071 2814 1141 2872 libe·
1154 2817 1191 2871 30

149 2893 272 2950 talitatis
305 2902 334 2949 et
361 2893 509 2967 sapientia
529 2903 586 2949 tuae
612 2893 683 2950 mihi
705 2893 780 2968 apud
800 2902 829 2949 te
849 2892 959 2950 dicenti
985 2894 1139 2951 oboriatur.

148 2970 303 3032 Quantam
315 2980 423 3047 potero,
438 2990 508 3029 voce
520 2972 702 3042 contendam,
718 2981 749 3028 ut
770 2971 890 3047 populus
913 2973 969 3029 hoc
989 2971 1141 3030 Romanus

150 3050 293 3127 exaudiat.
344 3051 485 3125 Suscepto
509 3051 593 3120 bello,
614 3050 723 3121 Caesar,
750 3060 832 3127 gesto
858 3050 945 3107 etiam
972 3070 1008 3107 ex
1034 3050 1142 3127 magud

149 3138 239 3203 parte,
254 3127 335 3185 nulla
348 3128 376 3184 vi
390 3138 518 3199 coactus,
531 3128 642 3205 judicio
656 3148 690 3186 ac
705 3130 849 3186 voluntate
865 3130 900 3184 ad
924 3138 968 3186 ea·
982 3148 1061 3186 arma
1080 3148 1142 3204 pro-

150 3206 243 3263 fectus
257 3225 331 3276 sum,
346 3226 409 3281 quae
424 3216 506 3264 erant
519 3217 632 3283 sumpta
646 3217 746 3265 contra
759 3217 796 3264 te.
838 3207 926 3282 Apud
946 3226 1032 3281 quem
1053 3208 1141 3284 igitur
1154 3207 1190 3262 35

151 3285 206 3342 hoc
220 3285 308 3342 dicol
329 3305 432 3361 nempe
447 3288 522 3361 apud
536 3304 614 3356 eum,
629 3286 688 3360 qui,
704 3284 771 3343 clim
786 3287 841 3342 hoc
855 3284 951 3355 sciret,
966 3295 1062 3342 tamen
1083 3304 1140 3356 me,

151 3372 305 3436 antequam
319 3364 400 3434 vidit,
424 3364 590 3439 reipublice¹
613 3365 755 3434 reddidit:
776 3364 826 3438 qui
841 3364 878 3420 ad
898 3382 945 3420 me
966 3383 1001 3421 ex
1016 3363 1142 3439 AEgypto

149 3440 248 3498 literas
262 3441 349 3511 misit,
364 3451 396 3499 ut
417 3461 510 3499 essem
524 3443 611 3513 idem,
626 3444 676 3517 qui
690 3444 824 3511 fuissem3
849 3442 909 3515 qui,
924 3440 990 3499 crim
1007 3442 1066 3518 ipse
1091 3442 1142 3499 im-

149 3530 262 3595 perator
284 3520 314 3576 in
338 3530 396 3578 toto
418 3521 537 3596 imperio
559 3523 655 3596 populi
674 3520 802 3579 Romani
822 3540 898 3577 unus
912 3530 996 3592 esset,
1011 3540 1074 3578 esse
1094 3540 1141 3579 me

151 3598 271 3656 alterum
285 3618 386 3673 passus
400 3609 460 3669 est;
483 3618 579 3674 aquo,
595 3602 649 3657 hoc
673 3601 734 3675 ipso
748 3599 782 3657 C.
797 3598 893 3656 Pansa
915 3599 986 3656 milri
1007 3600 1140 3658 nuntium
1155 3600 1190 3653 40

148 3677 320 3752 perferente,
335 3697 488 3736 concessos
509 3679 602 3735 fasces
615 3680 758 3735 laureatos
779 3678 869 3748 tenui,
885 3679 979 3752 quoad
1002 3681 1141 3738 tenendos

148 3754 263 3830 putavi;
284 3756 333 3829 qui
357 3757 428 3814 mihi
452 3767 513 3813 tum
536 3757 661 3832 denique
684 3775 715 3812 se
737 3756 860 3829 salutem
879 3759 990 3834 putavit
1012 3759 1091 3830 dare,
1115 3759 1140 3816 si

149 3852 215 3891 eam
228 3834 315 3891 nullis
328 3836 477 3912 spoliatam
491 3835 668 3918 ornamentis
681 3834 816 3905 dedisset.
