2658 4468
390 364 528 423 ORATIO
549 365 588 416 ΙΝ
609 366 648 416 Μ.
670 367 873 420 ANTONIUM.
1120 373 1180 433 135

137 509 210 567 sisse
236 527 274 566 ne
300 517 333 564 tu
359 507 476 583 quidem
502 509 584 568 dicis.
626 512 668 569 At
694 510 798 570 Miloni
823 532 862 571 ne
888 513 984 571 favere
1010 511 1127 589 quidem

136 589 236 664 potui:
257 586 337 664 priris
350 588 429 645 enim
443 607 503 645 rem
517 589 666 666 transegit,
680 589 767 665 qudm
786 593 937 668 quisquam
958 610 1024 650 eum
1038 593 1129 669 suspi-

138 677 255 724 caretur
281 667 425 723 facturum
452 686 523 725 esse.
564 669 606 725 At
626 688 680 745 ego
700 670 786 727 suasi.
828 670 949 728 Scilicet
969 670 994 727 is
1014 671 1128 728 animus

138 755 201 803 erat
214 745 343 817 Milonis,
358 754 390 802 ut
409 747 542 821 prodesse
562 746 727 824 reipublicae
747 749 810 806 sine
823 767 939 807 suasore
952 768 1010 807 non
1023 759 1126 825 posset.

139 824 313 882 literatus
333 843 405 881 sum.
445 823 530 885 Quid
542 827 633 902 ergol
655 826 684 883 in
704 828 785 885 tanti
805 828 905 886 laetitit
925 837 1039 886 cuncte
1059 827 1129 886 civi·
1162 840 1181 894 5

138 904 216 974 tatis,
231 922 278 961 me
291 922 382 960 unum
395 903 506 961 tristem
519 923 582 962 esse
595 905 763 981 oportebat?

178 981 357 1057 Quanquam
377 982 414 1040 de
433 992 524 1040 morte
544 984 576 1041 P.
592 983 687 1041 Clodii
708 983 762 1041 fuit
779 984 898 1060 questio
910 1005 968 1043 non
982 985 1051 1042 satis
1064 1006 1129 1063 pru·

140 1060 242 1118 denter
262 1060 312 1118 illa
331 1061 448 1136 quidem
474 1063 638 1120 constituta
678 1060 763 1122 Quid
789 1062 868 1120 enim
895 1063 1035 1122 attinebat
1054 1064 1129 1122 nord

139 1138 205 1215 lege
218 1139 308 1214 queri
328 1141 364 1197 de
384 1158 419 1196 eo
438 1140 488 1214 qui
508 1141 654 1198 hominem
666 1140 831 1213 occidisset,
846 1139 914 1199 crim
927 1152 1003 1200 esset
1016 1142 1129 1219 legibus

140 1218 260 1291 quaestio
273 1217 448 1276 constitutal
478 1219 629 1293 quaesitum
650 1227 694 1276 est
713 1228 819 1278 tamen.
859 1219 949 1281 Quod
967 1240 1045 1297 ergo,
1060 1219 1129 1279 crim
1148 1229 1182 1283 10

140 1315 187 1352 res
208 1296 355 1372 agebatur,
379 1315 465 1354 nemo
487 1297 517 1354 in
537 1315 585 1355 me
608 1297 695 1369 dixit,
716 1298 757 1370 id,
781 1309 822 1357 tot
844 1298 928 1357 annis
947 1297 1022 1376 pbst,
1044 1310 1129 1358 tues

140 1374 274 1432 inventus
287 1375 336 1451 qui
350 1375 484 1433 diceresl

180 1451 274 1514 Quod
296 1474 363 1512 vero
385 1455 483 1512 dicere
505 1473 592 1511 ausus
616 1474 657 1527 es,
679 1455 765 1532 idque
791 1457 890 1514 multis
916 1456 1020 1529 verbis,
1041 1456 1129 1535 operb

140 1532 207 1589 merl
221 1532 388 1609 Pompeium
403 1552 421 1590 a
433 1532 558 1590 Caesaris
579 1534 706 1592 amicitiai
725 1554 789 1593 esse
802 1535 988 1612 disjunctum,
1001 1537 1039 1594 ob
1052 1555 1130 1594 eam·

139 1629 197 1685 que
211 1629 329 1668 causam
343 1611 408 1668 med
422 1611 507 1687 culpi
528 1611 612 1669 civile
633 1613 741 1670 bellum
761 1633 825 1671 esse
838 1623 957 1683 uatum;
978 1614 1009 1672 in
1022 1633 1058 1673 eo
1071 1634 1129 1673 uon
1149 1613 1183 1669 15

140 1698 173 1746 tu
193 1689 310 1764 quidem
335 1689 395 1748 total
421 1709 463 1761 re,
484 1690 535 1749 sed
557 1689 646 1767 (quod
672 1691 830 1750 maximum
856 1693 914 1771 est)
935 1693 1128 1769 temporibus,

140 1767 252 1826 errdsti.

180 1847 220 1904 X.
254 1846 319 1924 Ego
341 1845 384 1904 M.
405 1846 519 1920 Bibulo,
545 1848 779 1924 praestantissimo
805 1850 879 1922 cire,
907 1850 1036 1922 consule,
1056 1849 1133 1911 nihil

141 1926 320 2003 pretermisi,
349 1924 502 2003 (quantum
535 1927 632 1985 facere
653 1928 792 2004 xenitique
823 1928 916 2064 potuiI)
944 1929 1015 2005 quin
1047 1930 1131 1987 Pom·

141 2004 239 2082 poium
266 2024 284 2062 a
310 2005 435 2062 Cesaris
461 2005 664 2082 conjunctione
694 2026 853 2066 evocarem.
911 2028 931 2065 n
950 2027 1008 2084 quo
1030 2011 1130 2066 Cesar
1148 2015 1185 2070 20

143 2083 198 2141 suit
218 2083 346 2142 felicior:
367 2084 428 2161 ipse
448 2084 526 2142 enim
546 2084 715 2161 Pompeium
736 2105 753 2142 a
773 2087 838 2144 med
859 2086 1054 2145 familiaritate
1074 2087 1131 2143 dis·

138 2162 242 2239 junxit.
283 2164 387 2222 Postea
401 2162 469 2221 verb
482 2161 569 2239 qudm
583 2183 614 2222 se
631 2174 722 2222 totum
742 2164 895 2241 Pompeius
915 2165 1024 2223 Caesari
1045 2166 1132 2223 tradi·

142 2241 195 2307 dit,
216 2241 285 2316 quid
307 2261 361 2318 ego
382 2241 462 2299 illum
484 2242 576 2300 abeo
602 2243 761 2301 distrahere
788 2244 930 2302 conarerl
961 2244 1050 2302 Stulti
1069 2253 1132 2302 erat

142 2338 274 2395 sperare;
295 2321 426 2391 suadere,
441 2321 623 2397 impudentis.

183 2397 251 2456 Duo
279 2409 376 2457 tamen
409 2408 537 2476 tempora
563 2400 738 2471 inciderunt,
765 2400 870 2475 quibus
897 2399 1015 2475 aliquid,
1032 2410 1132 2458 contra
1149 2407 1186 2462 25

143 2477 290 2535 Caesarem
322 2477 459 2554 Pompeio
491 2479 639 2536 suaserim.
681 2478 727 2536 Ea
759 2478 843 2536 velim
870 2479 1073 2554 reprehendas,
1107 2478 1131 2536 si

141 2566 240 2632 potes:
261 2574 361 2627 unum,
381 2577 419 2614 ne
439 2557 628 2632 quinquennii
649 2556 801 2633 imperium
821 2557 931 2614 Caesari
951 2567 1131 2633 prorogaret3

144 2635 280 2713 alterum,
291 2654 328 2693 ne
348 2646 494 2710 pateretur
514 2636 592 2707 ferri,
607 2645 639 2693 ut
660 2637 786 2693 absentis
806 2635 868 2711 ejus
881 2635 955 2694 ratio
968 2637 1130 2694 haberetur.

142 2714 279 2775 Quorum
292 2713 317 2771 si
331 2715 470 2771 utrumvis
482 2715 698 2792 persuasissem,
712 2715 743 2772 in
764 2716 816 2772 bas
836 2715 967 2773 miserias
984 2734 1133 2791 nunquam

144 2791 354 2850 incidissemus.
396 2793 494 2869 Atque
521 2793 598 2851 idem
624 2813 689 2871 ego,
712 2791 780 2852 crim
804 2794 864 2870 jam
890 2813 990 2853 omnes
1013 2814 1081 2872 opes
1104 2804 1133 2853 et
1150 2800 1186 2854 30

142 2881 261 2928 suaset
286 2871 383 2947 populi
410 2872 538 2930 Romani
564 2873 718 2950 Pompeius
738 2874 776 2931 ad
797 2874 943 2932 Caesarem
963 2875 1131 2944 detulisset3

143 2947 267 3024 seroque
294 2969 329 3007 ea
356 2951 462 3009 sentire
483 2951 625 3027 coepisset,
638 2972 702 3028 quie
723 2973 778 3029 ego
798 2950 865 3010 ante
886 2951 977 3012 multo
997 2953 1133 3031 previde-

142 3048 216 3099 ram,
231 3028 387 3105 inferrique
400 3029 499 3105 patriae
514 3030 621 3088 bellum
638 3032 781 3093 nefarium
795 3032 940 3104 viderem;
960 3034 1051 3109 pacis,
1066 3051 1133 3089 con·

143 3108 261 3179 cordiae,
284 3109 506 3185 compositionis,
528 3119 626 3168 auctor
647 3130 710 3168 esse
731 3129 790 3168 non
810 3111 924 3169 destiti:
945 3129 1067 3187 meaque
1084 3110 1134 3168 illa

142 3207 198 3245 vox
212 3196 256 3243 est
269 3198 338 3244 nota
351 3188 465 3245 multis:
497 3194 515 3221 “
525 3187 654 3260 Utinam,
668 3189 724 3247 Cn.
739 3188 868 3265 Pompei,
883 3208 950 3247 cum
965 3189 999 3246 Ο.
1016 3189 1133 3246 Cesare
1151 3196 1187 3251 35

142 3267 312 3324 societatem
333 3275 383 3322 aut
402 3286 550 3342 nunquam
571 3266 687 3339 coisses,
709 3277 759 3324 aut
778 3286 927 3343 nunquam
948 3267 1131 3324 diremissesl

143 3344 199 3402 fuit
220 3344 341 3401 alterum
361 3345 519 3421 gravitatis,
535 3347 656 3404 alterum
668 3346 828 3422 prudentiae
841 3347 926 3403 tuae.’'
968 3345 1043 3402 Haec
1057 3362 1133 3414 mea,

142 3421 187 3480 M.
209 3423 329 3494 Antoni,
344 3443 456 3500 semper
476 3434 505 3482 et
525 3426 561 3482 de
581 3425 718 3501 Pompeio
737 3434 766 3481 et
787 3424 824 3481 de
843 3423 993 3500 republicb
1013 3422 1135 3481 consilia

143 3501 278 3571 suerunt3
299 3522 363 3578 quae
385 3504 409 3560 si
433 3503 598 3574 valuissent,
613 3502 776 3578 respublica
796 3512 902 3574 staret;
923 3512 965 3574 tu,
979 3501 1037 3559 tuis
1054 3501 1135 3579 flagi·

142 3580 202 3649 tiis,
217 3591 355 3656 egestate,
370 3581 499 3654 infamiis,
514 3582 699 3641 concidisses.
1152 3589 1188 3644 40

184 3658 240 3715 XI.
273 3660 332 3716 Sed
356 3662 419 3719 haec
439 3671 555 3719 vetera:
584 3660 656 3717 illud
676 3657 744 3717 verb
764 3678 877 3732 recens,
900 3660 1047 3718 Cursarem
1070 3679 1135 3718 meo

144 3738 266 3795 consilio
297 3737 489 3798 intersectum.
529 3740 598 3798 Jam
625 3758 733 3809 vereor,
760 3739 861 3796 Patres
895 3739 1069 3816 Conscripti,
1097 3759 1135 3797 ne

146 3814 236 3889 (quod
257 3817 453 3894 turpissimum
473 3820 529 3898 est)
550 3817 799 3897 prevaricatorem
819 3818 891 3877 mihi
912 3820 1075 3896 apposuisse
1095 3819 1136 3875 vi·

144 3894 224 3968 dear,
239 3894 289 3970 qui
307 3915 355 3955 me
376 3916 434 3956 non
457 3896 550 3958 soldm
571 3898 645 3957 meis
664 3897 800 3957 laudibus
822 3909 949 3974 ornaret,
972 3900 1024 3959 sed
1047 3898 1135 3959 etiam
