2658 4468
374 374 511 425 ORATIO
533 374 571 424 lu
593 373 631 424 tt
653 373 857 425 summust.
1103 376 1161 437 1ae

114 528 214 596 togato
241 527 309 576 ante
335 537 383 577 me
409 517 528 577 nemini.
569 518 603 575 L.
631 517 740 591 Cesar,
768 519 928 576 avunculus
954 526 1030 589 haus,
1051 517 1110 594 qud

114 600 256 669 oratione,
277 597 335 672 qud
356 597 528 669 mustantifi,
549 598 606 674 qud
633 598 773 674 gravitate
792 598 966 655 sententiam
986 598 1058 654 dixit
1078 598 1108 654 in

115 678 221 735 sororis
241 695 301 734 sue
315 677 418 749 virum,
431 677 566 734 vitricum
579 678 680 733 muml
716 677 807 737 Hrrnc
826 687 857 734 tu
878 675 947 734 cum
961 686 1109 734 auctorem

116 766 147 814 et
170 766 376 832 preceptorem
402 755 535 837 omnium
561 756 756 827 consiliorum,
784 755 927 831 totiusque
956 756 1031 827 vitae,
1062 756 1112 813 de-

115 835 231 891 buisses
251 834 368 906 habere,
382 834 477 890 vitrici
497 844 526 891 te
547 834 680 904 similem,
698 832 786 910 qudm
806 834 952 904 avunculi,
967 853 1031 892 esse
1050 852 1110 891 ma·
1144 833 1162 885 5

115 912 206 971 luisti.
249 912 345 988 Hujus
371 932 426 989 ego
454 913 565 970 alienus
592 913 720 971 consiliis
747 913 848 971 consul
876 931 944 969 usus
964 931 1046 970 sum:
1067 922 1110 984 tu,

116 991 224 1049 sororis
236 991 323 1062 lilius,
338 992 444 1067 ecquid
459 993 495 1048 ad
509 1010 576 1048 eum
590 1010 718 1065 unquam
732 992 769 1048 de
782 1010 814 1048 re
830 991 947 1067 publici
964 992 1109 1049 retulisti'l

116 1071 162 1128 At
181 1071 219 1127 ad
240 1088 310 1144 quos
335 1071 444 1128 refert?
478 1071 529 1127 Dii
553 1070 744 1128 immortalesl
768 1070 803 1127 ad
824 1089 874 1127 eos
900 1069 1023 1142 sedicet,
1043 1089 1111 1146 quo·

115 1167 184 1207 rum
197 1149 281 1206 nobis
294 1149 381 1206 etiam
395 1150 459 1206 dies
472 1149 583 1206 natales
598 1149 734 1206 audiendi
748 1158 824 1206 sunt.

159 1227 258 1285 Hodie
286 1247 343 1285 non
372 1228 523 1287 descendit
542 1228 696 1286 Antonius.
732 1228 816 1286 Cur‘l
849 1227 909 1284 Dat
929 1227 1061 1285 natalitia
1080 1227 1110 1284 in
1130 1228 1164 1281 to
1220 1293 1223 1297 ¹

117 1306 218 1364 hortis.
260 1307 340 1364 Cuil
373 1306 530 1364 Neminem
550 1307 722 1364 nominabo:
742 1317 841 1384 putate
861 1317 922 1363 tum
943 1305 1110 1364 Phormioni

118 1383 219 1454 alicui,
239 1393 301 1441 tum
321 1384 478 1455 Gnathoni,
499 1395 562 1442 tum
582 1380 714 1443 Ballioni.
755 1385 784 1444 Ο
805 1386 963 1443 soeditatem
987 1385 1110 1443 hominis

117 1463 308 1541 flagitiosaml
329 1483 348 1521 o
360 1463 578 1540 impudentiam,
592 1464 760 1540 nequitiam,
774 1465 934 1535 libidinem,
949 1483 1005 1522 non
1021 1464 1112 1522 seren·

118 1543 207 1599 daml
243 1541 302 1612 Tu,
327 1540 395 1599 clim
421 1543 580 1619 principem
607 1554 778 1615 senatorem,
805 1543 898 1600 civem
912 1542 1111 1619 singularem,

117 1631 180 1678 tam
193 1621 380 1696 propinquum
402 1622 519 1692 habeas,
535 1622 571 1678 ad
591 1641 657 1678 eum
679 1623 715 1679 de
733 1642 765 1679 re
785 1621 902 1698 publicai
916 1621 988 1678 nihil
1003 1622 1092 1679 refers
1102 1642 1110 1692 ;
1130 1623 1164 1675 15

119 1701 158 1757 ad
181 1718 230 1757 eos
250 1699 349 1768 refers,
371 1700 420 1774 qui
441 1701 557 1757 domum
577 1719 660 1757 suam
684 1701 792 1757 nullam
820 1701 938 1770 habent,
962 1710 1041 1757 tuam
1065 1720 1112 1757 ex·

119 1778 277 1836 hauriuntl
311 1777 396 1836 Tuus
423 1779 558 1836 videlicet
579 1779 712 1837 salutaris
736 1779 912 1850 consulatus,
932 1779 1112 1855 perniciosus

120 1857 219 1914 meusl
577 1906 583 1915 .

160 1935 230 1993 Vll.
252 1935 374 1993 Adeone
393 1936 531 2013 pudorem
551 1955 619 1994 cum
637 1936 779 2013 pudicitia
792 1936 952 2014 perdidisti,
966 1947 999 1995 ut
1011 1938 1067 1994 hoc
1081 1936 1111 1994 in

118 2032 157 2072 eo
176 2014 282 2090 templo
302 2014 400 2072 dicere
421 2034 508 2072 ausus
528 2015 577 2086 sis,
598 2016 627 2073 in
648 2035 705 2091 quo
723 2036 779 2094 ego
798 2026 931 2074 senatum
951 2015 1042 2087 illum,
1062 2016 1112 2090 qui
1128 2021 1165 2076 w

118 2093 265 2167 quondam
286 2092 389 2150 florens
410 2095 473 2150 orbi
492 2103 633 2151 terrarum
653 2096 833 2171 presidebat,
855 2095 1059 2163 consulebam
1080 2104 1112 2150 tu

120 2172 253 2229 homines
282 2172 489 2248 perditissimos
518 2190 586 2230 cum
614 2174 719 2250 gladiis
746 2174 915 2232 collocastil
957 2175 998 2231 At
1024 2173 1112 2230 etiam

120 2268 209 2308 ausus
232 2269 264 2307 es
286 2249 369 2326 (quid
394 2261 491 2308 autern
517 2261 570 2322 est,
592 2253 668 2326 quod
695 2263 726 2309 tu
753 2273 811 2310 non
836 2253 943 2309 audeas
953 2253 980 2330 l)
1005 2251 1112 2308 clivum

119 2328 320 2404 Capitolinum
333 2330 441 2400 dicere,
453 2349 500 2387 me
514 2331 642 2401 consule,
653 2331 771 2407 plenum
784 2349 928 2388 servorum
940 2339 1112 2386 armatorum

120 2408 219 2465 fuisse.
261 2408 300 2465 Ut
320 2408 370 2465 illa
385 2408 500 2488 (credo)
517 2409 630 2467 nefaria
650 2408 910 2467 senatiisconsulta
930 2409 1041 2478 fierent,
1055 2408 1112 2464 vim
1128 2411 1166 2465 25
1213 2452 1219 2463 ,

120 2487 278 2544 afferebam
291 2488 414 2545 senatui.
453 2487 484 2544 0
498 2488 645 2559 miserum,
661 2489 721 2546 sive
741 2487 791 2544 illa
810 2488 862 2543 tibi
883 2496 951 2543 nota
965 2506 1022 2544 uon
1036 2496 1113 2557 sunt,

108 2564 209 2640 (nihil
231 2566 309 2623 enim
330 2566 397 2623 boni
418 2565 508 2646 ndsti)
524 2567 584 2625 sive
605 2577 681 2637 sunt,
700 2567 749 2641 qui
771 2567 846 2641 apud
866 2565 939 2623 tales
958 2565 1033 2622 viros
1054 2574 1113 2622 tam

120 2644 302 2719 impudenter
335 2645 471 2720 loquare!
512 2646 591 2708 Quis
611 2645 703 2713 ,enim
737 2665 824 2721 eques
857 2645 1018 2716 Romanus,
1049 2645 1113 2720 quis

122 2721 239 2798 (praeter
253 2725 295 2797 te)
312 2724 480 2782 adolescens
500 2725 614 2796 nobilis,
629 2725 693 2800 quis
713 2725 800 2782 ullius
819 2723 938 2795 ordinis,
952 2723 1002 2800 qui
1022 2743 1054 2781 se
1074 2725 1114 2782 ci·

119 2819 185 2858 vem
206 2802 394 2873 meminisset,
409 2801 477 2860 clam
499 2813 616 2861 senmus
632 2805 666 2862 in
687 2805 742 2861 hoc
762 2804 868 2881 templo
887 2814 972 2875 esset,
988 2804 1017 2861 in
1038 2804 1114 2862 clivo
1130 2812 1166 2867 30

120 2880 286 2955 Capitolino
305 2900 363 2939 nou
385 2882 458 2939 suitl
479 2882 543 2957 quis
557 2902 661 2941 nomen
682 2903 739 2941 non
758 2884 859 2941 deditl
879 2901 1044 2959 quanquam
1058 2903 1114 2941 nec

119 2958 225 3015 scribae
246 2959 389 3031 sufficere,
407 2980 463 3018 nec
484 2961 589 3018 tabulae
610 2963 727 3020 nomina
748 2962 859 3020 illorum
883 2981 997 3039 capere,
1017 2973 1115 3040 potue·

120 3046 197 3095 runt.
239 3037 367 3108 Etenim,
392 3037 460 3096 cdm
485 3039 615 3098 homines
641 3041 745 3099 nefarii
773 3042 810 3099 de
832 3042 932 3117 patriae
958 3041 1114 3118 parricidio

121 3115 327 3174 confiterentur
349 3117 545 3193 (consciorum
564 3119 691 3190 indiciis,
709 3120 762 3176 sud
782 3139 881 3191 manu,
895 3140 966 3178 voce
986 3119 1060 3195 pene
1081 3120 1114 3176 li-

120 3204 249 3253 terarum
264 3195 383 3273 coacti),
398 3215 430 3254 se
450 3197 559 3254 Urbem
579 3197 769 3269 inflammare,
783 3198 862 3256 cives
881 3199 1038 3268 trucidare,
1052 3216 1114 3254 vas·
1131 3199 1167 3253 35

121 3284 184 3332 tare
212 3272 338 3345 Italiam,
360 3274 456 3333 delere
480 3277 698 3353 rempublicam,
720 3278 919 3346 consensisse3
940 3276 1005 3350 quis
1028 3286 1113 3345 esset,

121 3351 172 3426 qui
194 3353 231 3410 ad
250 3353 373 3410 salutem
394 3372 576 3412 communem
603 3355 821 3413 defendendam
841 3374 899 3412 non
920 3353 1114 3411 excitareturl

121 3431 279 3507 prasertim
293 3428 362 3489 cdm
376 3443 493 3490 senatus
505 3433 682 3509 populusque
701 3433 852 3491 Romanus
866 3434 985 3490 haberet
999 3432 1114 3504 ducem,

121 3510 216 3583 qualis
229 3510 255 3566 si
268 3509 317 3584 qui
332 3529 411 3569 nunc
425 3522 510 3583 esset,
525 3512 578 3570 tibi
593 3512 680 3581 idem,
689 3513 764 3586 quod
779 3511 835 3568 illis
850 3510 967 3581 accidit,
982 3511 1116 3588 contigis-

122 3598 174 3645 set
216 3588 265 3645 Ad
286 3589 461 3664 sepulturam
489 3609 592 3666 corpus
612 3589 706 3647 vitrici
727 3591 771 3646 sui
792 3600 881 3666 negat
901 3608 919 3646 a
938 3608 985 3646 me
1005 3590 1114 3648 datum.
1132 3601 1169 3654 4ο

122 3666 191 3724 Hoc
204 3666 272 3724 verb
294 3686 331 3724 ue
354 3667 386 3724 P.
401 3669 518 3744 quidem
538 3668 660 3726 Clodius
681 3668 754 3725 dixit
773 3687 916 3743 unquam:
937 3687 1033 3745 quern,
1048 3670 1117 3745 quia

119 3743 184 3820 jure
205 3745 233 3802 ei
252 3745 294 3802 fui
312 3746 459 3818 inimicus,
474 3747 556 3805 doleo
571 3758 629 3804 ate
641 3747 701 3822 jam
714 3748 848 3805 omnibus
861 3748 937 3805 vitiis
951 3760 1014 3806 esse
1035 3769 1116 3825 supe·

122 3835 225 3880 ratum.
267 3823 331 3886 Qui
354 3835 450 3882 autem
463 3826 516 3882 tibi
530 3825 608 3883 venit
627 3826 656 3882 in
670 3838 806 3896 mentem,
821 3827 953 3904 redigere
967 3827 997 3886 in
1011 3847 1116 3886 merno-

122 3901 196 3959 riam
210 3912 348 3982 nostram,
362 3913 403 4041 tle2
405 3904 483 3962 domi
503 3905 535 3962 P.
550 3904 668 3962 Lentuli
686 3925 749 3963 esse
763 3906 941 3964 educatuml
975 3909 1024 3965 An
1038 3927 1117 3965 vere·
