2702 4464
411 354 547 405 onnmo
568 354 614 404 ιν.
636 355 675 404 m
697 355 728 404 n.
751 334 963 405 CATILlNAM.
1186 359 1224 417 41

191 507 325 571 questus,
339 496 463 556 occlusis
476 497 613 571 tabernis,
627 498 720 556 minui
733 499 815 571 solet,
829 498 899 573 quid
918 499 1035 556 tandem
1050 497 1178 557 incensis

192 576 318 634 futurum
332 578 394 634 estl

229 654 305 715 Quae
320 652 387 712 cum
402 655 443 712 ita
456 654 522 727 sint,
537 655 638 713 Patres
651 656 825 731 conscripti,
840 654 920 714 vobis
933 654 1028 731 populi
1048 654 1177 713 Romani

189 734 322 808 presidia
334 753 392 791 non
406 734 526 791 desunt:
547 753 596 792 vos
609 754 647 791 ne
659 733 763 810 populo
778 734 914 792 Romano
927 735 1027 791 deesse
1041 734 1177 790 videami-

189 811 230 881 ni,
244 812 397 887 providete.
1052 872 1057 881 ,
1143 830 1149 839 ·
1206 814 1225 868 5

153 888 199 961 L
229 890 284 946 IX.
319 882 443 947 Habetis
470 890 618 948 consulem
638 910 674 948 ex
692 889 822 966 plurimis
846 890 984 969 perieulis
1004 900 1033 948 et
1053 888 1174 962 insidiis,

190 977 275 1042 atque
297 988 334 1027 ex
354 968 451 1024 media
472 979 572 1039 morte,
587 988 645 1025 non
667 971 704 1025 ad
721 969 809 1026 vitam
831 986 923 1040 stram,
938 969 988 1025 sed
1003 969 1175 1026 adsalutem

188 1056 323 1115 vestram,
337 1055 530 1103 reservatum:
551 1064 651 1103 omnes
663 1047 788 1121 ordines,
804 1048 840 1104 ad
862 1047 1087 1105 conservandam
1103 1065 1177 1104 rem-

188 1124 344 1198 publicam,
355 1134 460 1194 mente‚
469 1125 624 1198 voluntate,
633 1126 739 1201 studio,
751 1124 865 1199 virtute,
881 1144 961 1196 voce,
976 1125 1173 1182 consentiunt:

188 1202 305 1258 obsessa
326 1202 437 1259 facibus
457 1212 486 1259 et
508 1203 573 1260 telis
596 1203 689 1278 impiae
718 1192 931 1293 &jurationis
953 1203 1032 1260 vobis
1059 1204 1176 1278 supplex
1190 1211 1224 1264 10

181 1298 291 1350 ,manus
305 1279 396 1336 tendit
408 1280 501 1355 patria
515 1282 691 1338 communis:
712 1282 793 1339 vobis
806 1301 847 1351 se,
856 1282 936 1339 vobis
946 1280 1033 1338 vitam
1047 1282 1175 1339 omnium

188 1357 305 1427 civium,
322 1358 401 1415 vobis
425 1377 521 1416 arcem
545 1368 574 1416 et
599 1359 790 1451 Capitolium,
810 1360 889 1419 vobis
915 1378 979 1417 aras
1012 1360 1174 1431 Penatium,

156 1492 162 1501 ,
188 1436 267 1492 vobis
289 1436 369 1492 illum
391 1436 488 1512 ignem
502 1438 599 1501 Vestae
618 1447 788 1514 perpatumn
810 1457 845 1495 ac
866 1438 1080 1514 sempiternum,
1095 1439 1175 1495 vobis

187 1514 284 1570 omnia
310 1513 416 1590 templa
442 1515 572 1572 Deorum
597 1526 682 1589 atque
706 1516 835 1586 delubra,
859 1516 939 1573 vobis
965 1535 1061 1573 muros
1089 1525 1174 1590 atque

188 1592 268 1648 urbis
286 1602 374 1664 tecta,
389 1595 580 1651 commendat.
620 1595 764 1651 Praeterea
784 1595 820 1651 de
837 1594 930 1651 vestra
944 1594 1012 1665 vitta,
1027 1595 1063 1652 de
1077 1595 1174 1670 conju·
1188 1608 1224 1661 15

188 1689 257 1746 gum
270 1681 429 1728 vestrarum
451 1690 486 1729 ac
507 1672 663 1730 liberorum
679 1671 786 1743 anima,
800 1673 837 1730 de
851 1672 971 1730 fortunis
983 1673 1122 1743 omnium,
1136 1673 1173 1730 de

188 1750 314 1819 sedibus,
328 1750 365 1806 de
380 1750 451 1807 focis
463 1750 574 1821 vestris,
589 1750 727 1808 hodierno
740 1750 788 1808 die
801 1750 881 1808 vobis
891 1751 1081 1827 judicandum
1094 1760 1146 1808 est.

208 1828 351 1885 'Habetis
373 1828 488 1899 ducem,
510 1847 667 1886 memorem
689 1829 786 1900 vestri,
807 1829 927 1887 oblitum
948 1829 1009 1899 sui3
1031 1848 1094 1903 quae
1115 1849 1173 1887 nou

189 1925 298 1981 semper
313 1907 434 1963 facultas
453 1907 553 1963 datur:
575 1906 686 1963 habetis
707 1925 807 1964 omnes
825 1908 950 1978 ordinae,
965 1922 1064 1965 omnes
1084 1908 1174 1964 homi·

189 2003 250 2054 nes,
265 1985 429 2041 universum
450 1985 585 2060 populum
606 1984 773 2042 Romanum
789 1984 842 2062 (id,
857 1987 932 2060 quod
947 1986 977 2045 in
991 1986 1069 2043 civili
1083 1986 1172 2042 causti
1186 1994 1222 2048 20

190 2062 326 2120 hodierno
339 2063 386 2121 die
398 2061 523 2139 priminn
536 2063 680 2142 videmus)
696 2082 786 2120 unum
801 2073 886 2138 atque
901 2065 977 2122 idem
991 2064 1171 2121 sentientem.

190 2140 331 2216 Cogitate,
343 2140 457 2215 quantis
467 2141 612 2199 laboribus
622 2141 773 2199 fundatum
784 2141 944 2218 imperium,
954 2143 1060 2216 quanti
1069 2142 1173 2200 virtute

189 2218 343 2276 stabilitam
363 2220 535 2291 libertatem,
550 2221 658 2295 quantit
679 2221 808 2278 Deorum
822 2221 998 2297 benignitate
1013 2231 1112 2278 auctas
1126 2240 1174 2278 ex·

190 2308 396 2371 aggeratasque
410 2298 545 2369 fortunas,
560 2317 618 2357 una
631 2318 688 2357 nox
702 2297 777 2376 pene
794 2299 904 2356 delerit.
945 2300 981 2357 Id
995 2319 1032 2357 ne
1045 2318 1173 2374 unquam
1313 2366 1319 2381 ι

188 2375 316 2450 posthac,
330 2395 389 2432 non
409 2375 494 2433 modd
516 2377 629 2448 confici,
644 2378 695 2435 sed
716 2397 754 2435 ne
776 2377 896 2453 cogitari
917 2377 1033 2451 quidem
1053 2377 1142 2453 possit
1156 2397 1173 2433 a
1186 2388 1222 2440 25

189 2451 311 2523 civibus,
325 2453 462 2513 hodierno
483 2454 530 2512 die
549 2456 755 2531 providendum
776 2465 827 2513 est.
869 2457 966 2529 Atque
983 2456 1055 2525 haec,
1069 2475 1126 2512 non
1142 2466 1172 2514 ut

188 2549 247 2600 vos,
269 2531 318 2604 qui
345 2531 416 2588 mihi
444 2532 539 2603 studio
564 2532 638 2609 pene
665 2533 849 2610 praecurritis,
874 2533 1040 2604 excitarem,
1060 2533 1173 2591 locutus

188 2626 270 2678 sum3
292 2610 342 2666 sed
357 2619 389 2665 ut
401 2629 467 2667 mea
480 2630 542 2682 vox,
557 2632 619 2687 quae
634 2613 720 2669 debet
735 2632 798 2670 esse
818 2611 849 2669 in
870 2611 1017 2689 republica
1030 2612 1172 2689 princeps,

187 2687 282 2745 officio
296 2687 396 2745 functa
409 2689 552 2747 consulari
566 2691 718 2748 videretur.

225 2766 264 2823 X.
292 2766 392 2838 Nunc,
414 2765 481 2825 ante
502 2768 589 2842 quam
612 2768 726 2846 [Patres
744 2769 920 2849 conscripti]
944 2769 980 2826 ad
1001 2770 1171 2828 sententiam
1185 2781 1222 2836 3ο

186 2845 282 2915 redeo,
297 2845 333 2901 de
347 2864 394 2903 me
407 2864 501 2921 pauca
515 2847 620 2904 dicam.
662 2847 735 2924 Ego,
750 2858 857 2923 quanta
870 2868 973 2906 manus
987 2859 1030 2906 est
1044 2849 1172 2923 conjura-

187 2931 290 2992 torum,
304 2942 391 2996 quam
401 2924 505 2982 videtis
518 2945 581 2983 esse
594 2944 790 3001 permagnam,
805 2936 914 2983 tantam
928 2945 975 2985 me
990 2927 1172 2984 inimicorum
1252 2934 1260 2937 ”

186 3001 400 3059 multitudinem
420 3005 580 3079 suscepisse
594 3004 692 3062 video:
714 3006 765 3062 'sed
785 3024 850 3062 eam
870 3025 933 3062 esse
949 3005 1048 3080 judico
1060 3015 1172 3080 turpem

187 3090 215 3135 et
236 3079 388 3151 infirmam,
403 3091 596 3157 contemptam
616 3092 645 3139 ct
665 3083 814 3157 abjectam.
855 3082 989 3145 Quodsi
1009 3083 1171 3157 aliquando,

187 3157 308 3232 alicujus
329 3158 423 3217 furore
443 3169 472 3217 et
492 3161 602 3218 scelere
622 3161 767 3218 concitata
780 3180 882 3219 manus
896 3161 951 3218 ista
964 3162 1027 3236 plus
1040 3161 1170 3231 valuerit,
1186 3170 1222 3224 35

186 3234 273 3308 quam
286 3246 381 3294 vestra
402 3257 437 3295 ac
451 3238 616 3314 reipublicae
637 3239 778 3314 dignitas3
799 3258 846 3296 me
859 3250 958 3296 tamen
971 3257 1099 3296 meorum
1115 3239 1173 3296 fac·

186 3322 279 3370 torum
301 3325 385 3389 atque
406 3316 589 3375 consiliorum
611 3336 769 3391 nunquam,
783 3318 883 3375 Patres
897 3317 1071 3391 Conscripti,
1084 3316 1174 3391 poeni·

186 3390 266 3448 tebit
307 3391 424 3450 Etenim
437 3413 522 3465 mors,
537 3413 623 3469 quam
643 3395 684 3452 illi
705 3396 777 3453 mihi
792 3396 910 3453 fortasse
922 3394 1100 3465 minitantur,
1114 3414 1173 3452 om·

187 3469 272 3525 nibus
285 3479 329 3526 est
341 3481 456 3545 parata:
477 3473 541 3530 vitae
555 3483 664 3530 tantam
677 3474 804 3544 laudern,
819 3474 925 3548 quantit
945 3492 995 3529 vos
1012 3491 1059 3529 me
1073 3473 1173 3530 vestris

188 3547 311 3604 decretis
325 3548 504 3620 honestistis,
519 3570 603 3608 nemo
616 3561 661 3609 est
675 3563 831 3609 assecutus.
873 3550 993 3609 Caeteris
1009 3550 1086 3608 enim
1101 3571 1173 3608 sem-
1186 3561 1222 3615 4ο

185 3643 236 3700 per
257 3623 331 3682 bene
350 3637 447 3702 geste,
461 3629 532 3687 mihi
552 3629 603 3686 uni
624 3639 809 3705 conservatae,
823 3629 988 3705 reipublicae
1008 3630 1173 3707 gratulatio·

186 3721 254 3759 nem
269 3704 443 3764 decrevistis.

226 3782 271 3838 Sit
286 3783 384 3859 Scipio
398 3784 502 3858 clarus,
513 3785 572 3857 ille,
583 3785 666 3862 cujus
680 3785 800 3844 consilio
810 3797 895 3862 atque
905 3786 1008 3845 virtute
1022 3786 1170 3845 Hannibal

186 3858 217 3918 in
244 3860 376 3919 Africam
396 3864 500 3998 ridlre,
521 3874 607 3940 atque
630 3884 667 3923 ex
692 3864 780 3923 Italia
799 3867 951 3939 decedere,
972 3877 1091 3925 coactus
1110 3875 1171 3924 est:
