2702 4464
164 309 185 369 S
414 350 417 355 .
433 310 570 360 ORATIO
592 310 614 360 1.
637 305 675 360 lN
698 309 728 359 1..
752 310 965 362 CATILINAM.

213 449 279 507 licae
303 451 467 521 consilium,
488 470 583 527 neque
608 451 762 511 auctoritas
782 453 867 529 hujus
888 453 1014 512 ordinis:
1042 473 1105 520 nos,
1127 474 1191 527 uos,

214 528 282 584 dico
296 528 404 604 aperte,
419 531 552 588 eonsules
566 531 709 588 desumus.
727 532 750 592 l

178 598 218 683 s
254 605 295 663 ΙΙ.
338 607 475 666 Decrevit
495 610 638 684 quondam
653 618 780 680 senatus,
794 619 825 667 ut
840 609 873 667 L.
888 608 1023 685 Opimius
1037 610 1137 668 consul
1152 611 1192 668 vi-

214 684 306 757 deret,
320 687 440 760 nequid
454 688 615 762 respublica
629 688 794 745 detrimenti
808 701 933 763 caperet.
974 688 1042 746 Nux
1056 689 1135 746 nulla
1148 689 1191 746 in·

160 763 179 817 5
213 764 361 821 tercessit:
383 765 551 822 interfectus
565 775 618 836 est,
632 776 746 841 propter
759 767 898 840 quasdam
912 766 1086 823 seditionum
1100 768 1191 843 suspi-

213 841 323 914 aiones,
333 841 368 899 C.
376 842 538 914 Gracchus,
547 844 706 903 clarissimo
713 853 876 919 patre,avo,
885 845 1056 921 majoribus:
1074 846 1190 902 occisus

212 932 257 978 est
278 939 345 976 curn
359 920 456 978 liberis
475 920 516 978 M.
532 922 660 993 Fulvius,
676 921 843 979 consularis.
886 923 979 979 Simili
993 924 1191 980 senariis-con-

213 999 298 1069 sulto,
309 998 345 1056 C.
355 997 449 1056 Mario
459 1009 488 1056 et
499 999 532 1056 L.
544 1001 672 1072 Valerio,
683 1001 861 1074 consulibus,
870 1001 1009 1077 permissa
1019 1012 1063 1058 est
1073 1002 1189 1077 respub·

212 1076 271 1133 lica
283 1096 289 1133 :
312 1096 379 1133 num
393 1097 481 1135 unum
493 1078 570 1135 diem
578 1089 677 1154 postea
687 1079 721 1136 L.
732 1080 920 1137 Saturninum
930 1080 1075 1137 tribunum
1086 1080 1188 1155 plebis,

162 1161 196 1213 10
213 1165 242 1211 et
256 1155 290 1212 C.
307 1156 459 1213 Servilium
472 1166 632 1231 praetorem,
642 1176 718 1214 mors
732 1176 767 1213 ac
778 1157 943 1232 reipublicae
951 1177 1037 1233 poena
1047 1169 1188 1216 remorata

213 1235 278 1290 estl
319 1235 361 1290 At
375 1253 427 1291 nos
441 1233 608 1291 vicesimum
620 1234 680 1311 jam
694 1235 771 1291 diem
785 1236 909 1310 patimur
923 1237 1079 1293 hebescere
1095 1236 1188 1294 aciem

213 1311 315 1369 horum
330 1311 515 1369 auctoritatis.
558 1312 708 1369 Habemus
722 1313 800 1369 eninr
816 1313 978 1389 hujusmodi
992 1313 1189 1371 senatis-con·

213 1389 328 1462 sultum,
343 1401 531 1449 veruntamen
552 1387 695 1448 inclusum
716 1391 746 1447 in
767 1391 881 1466 tabulis,
903 1403 1039 1466 tanquam
1059 1391 1187 1467 gladium

212 1468 242 1524 in
263 1468 368 1545 vaginis
388 1470 586 1538 reconditum
613 1488 669 1544 quo
689 1489 726 1526 ex
745 1470 1015 1540 senatis-consulto,
1037 1470 1188 1527 confestim

161 1550 195 1606 15
212 1545 395 1603 interfectum
409 1557 437 1603 te
451 1566 526 1619 esse,
540 1547 677 1618 Catilina,
689 1548 832 1604 convenit.
875 1548 973 1617 Vivis;
995 1559 1024 1605 et
1038 1548 1117 1619 vivis,
1130 1568 1187 1605 non

213 1626 248 1681 ad
270 1627 480 1701 deponendam,
499 1627 549 1683 sed
572 1627 607 1682 ad
629 1626 866 1696 confirmandam,
881 1626 1041 1683 audaciam.
1083 1626 1187 1702 Cupio,

109 1722 124 1771 r,
212 1703 313 1761 Patres
333 1704 508 1779 Conscripti,
522 1723 569 1761 me
589 1724 652 1761 esse
666 1704 858 1761 clementem:
880 1704 976 1780 cupio,
990 1705 1020 1760 in
1034 1705 1122 1762 tantis
1135 1705 1189 1761 rei·

211 1783 335 1857 publicae
355 1783 500 1857 periculis,
522 1801 646 1840 menon
668 1783 836 1840 dissolutum
858 1783 963 1840 videri:
992 1784 1043 1840 sed
1061 1783 1121 1859 jam
1141 1801 1189 1841 me

212 1861 272 1936 ipse
287 1861 397 1918 inertiae
412 1861 602 1936 nequitiaeque
617 1861 787 1919 condemno.

158 1948 195 2002 20
252 1940 354 1996 Castra
369 1952 435 1997 sunt
449 1940 479 1996 in
493 1938 589 2010 Italis,
604 1950 704 1997 contra
718 1939 936 2015 rempublicam,
948 1939 978 1996 in
992 1939 1114 1997 Etruriae
1129 1939 1190 1997 sau-

212 2018 295 2074 cibus
309 2017 465 2075 collocata:
487 2018 593 2075 crescit
612 2018 642 2074 in
664 2018 726 2073 dies
746 2018 874 2095 singulos
896 2018 1020 2075 hostium
1035 2037 1188 2075 numerus:

211 2114 311 2153 eorum
326 2106 421 2153 autern
435 2096 633 2171 imperatorem
649 2105 817 2167 castrorum,
829 2097 990 2172 ducemque
1002 2097 1136 2167 hostiurn,
1148 2096 1191 2152 in·

211 2188 256 2231 tra
277 2174 393 2245 moenia,
416 2187 500 2250 atque
523 2172 595 2232 adeb
620 2174 651 2231 in
671 2186 783 2245 senatu,
798 2175 938 2245 videmus,
953 2175 1118 2232 intestinam
1141 2173 1191 2230 ali·

212 2271 297 2327 quam
318 2253 444 2328 quotidie
464 2253 622 2328 perniciem
636 2252 802 2328 reipublicae
816 2254 990 2311 molientem.
1033 2254 1066 2310 Si
1079 2263 1108 2310 te
1119 2252 1215 2328 jam,
1294 2247 1296 2250 ⁴

158 2335 194 2390 25
213 2332 349 2401 Catilina,
368 2331 583 2407 comprehendi,
605 2331 630 2388 si
651 2332 785 2402 intersrci,
803 2331 931 2407 jussero;
953 2332 1050 2401 credo,
1070 2332 1125 2388 erit
1146 2350 1191 2388 ve·

211 2410 333 2467 rendum
356 2410 437 2481 mihi,
451 2429 488 2467 ne
510 2429 568 2468 non
590 2412 646 2467 hoc
669 2408 765 2485 potids
785 2430 886 2467 omnes
901 2410 968 2468 boni
982 2410 1075 2468 serius
1096 2428 1113 2466 a
1132 2428 1190 2479 me,

211 2487 298 2563 qudrn
318 2489 467 2564 quisquam
488 2487 644 2559 crudeliirs,
664 2488 771 2546 facturn
792 2508 856 2545 esse
877 2488 963 2545 dicat.
1006 2487 1115 2546 Verrim
1136 2505 1191 2562 ego

212 2567 278 2636 hoc,
293 2568 368 2641 quod
387 2567 559 2642 jampridem
581 2567 689 2623 facturn
709 2586 772 2623 esse
793 2567 927 2641 oportuit,
942 2567 1022 2623 certa
1039 2567 1075 2622 de
1091 2566 1189 2635 cause,

212 2645 341 2700 nondum
357 2645 494 2714 adducor,
510 2654 541 2701 ut
555 2622 790 2702 saciamJTum
811 2644 935 2718 denique
957 2644 1129 2700 interficiam
1152 2652 1190 2713 te,

159 2723 195 2778 30
213 2719 281 2779 crim
292 2722 352 2798 jam
367 2741 453 2778 nemo
467 2732 524 2777 tam
547 2721 702 2796 improbus,
716 2731 776 2778 tarn
796 2721 936 2796 perditus,
950 2731 1009 2777 tam
1023 2721 1065 2777 tui
1080 2720 1190 2791 similis,

213 2800 335 2857 inveniri
345 2800 458 2876 poterit,
470 2800 518 2874 qui
530 2799 559 2855 id
572 2818 628 2857 non
638 2798 701 2874 jure
714 2799 821 2855 sactum
836 2817 898 2854 esse
914 2799 1044 2856 fateatur.
1079 2798 1191 2859 Quam·
1262 2860 1267 2867 ⁸

212 2880 262 2936 diu
281 2879 431 2954 quisquam
452 2878 516 2947 erit,
530 2878 578 2952 qui
599 2887 629 2934 te
651 2877 806 2934 defendere
828 2877 942 2947 audeat,
956 2876 1050 2934 vives:
1071 2888 1100 2934 et
1114 2877 1192 2934 vives

213 2957 263 3029 ita,
277 2969 309 3014 ut
322 2976 402 3014 nunc
423 2956 504 3026 vivis,
518 2955 616 3012 multis
636 2955 708 3011 meis
726 2966 755 3012 et
776 2954 865 3012 firmis
885 2955 1026 3029 presidiis
1046 2957 1190 3026 obsessus,

213 3056 251 3093 ne
272 3054 451 3092 commovere
472 3043 500 3091 te
521 3044 623 3091 contra
642 3032 850 3109 rempublicam
863 3033 971 3109 possis:
994 3034 1148 3091 multorum
1162 3046 1191 3090 te

159 3122 196 3178 35
213 3115 299 3172 etiarn
320 3114 398 3171 oculi
412 3123 441 3170 et
455 3132 549 3183 aures,
563 3131 621 3169 non
636 3113 817 3183 sentientem,
834 3110 922 3189 (sicut
938 3113 1033 3170 adhuc
1045 3111 1190 3191 fecerunt)
1268 3131 1271 3135 ’

213 3192 439 3270 speculabuntur
454 3204 538 3267 atque
552 3191 725 3247 custodient.
1071 3232 1079 3242 ,.

253 3270 311 3329 ΙΙΙ.
352 3270 468 3328 Etenim
483 3270 552 3346 quid
565 3278 618 3340 est,
630 3269 768 3339 Catilina,
779 3269 855 3343 quod
866 3268 926 3345 jam
942 3267 1063 3345 ampliirs
1074 3288 1192 3344 exspec-

213 3360 267 3422 tes,
291 3350 315 3407 si
338 3369 430 3425 neque
452 3368 510 3407 nox
535 3348 662 3405 tenebris
685 3349 842 3405 obscurare
864 3359 956 3405 coetus
978 3349 1111 3419 nefarios,
1135 3366 1192 3404 uec

213 3430 325 3505 privata
338 3430 440 3486 domus
452 3427 609 3504 parietibus
622 3426 771 3484 continere
787 3445 885 3484 vocem
907 3425 1114 3501 conjurationis
1134 3436 1191 3483 tuae

160 3513 197 3567 40
213 3509 328 3584 potestl
349 3507 373 3564 si
387 3507 575 3573 illustrantur,
586 3505 610 3561 si
621 3516 776 3580 erumpunt
788 3505 908 3563 omniul
941 3504 1022 3564 Muta
1033 3506 1092 3582 jam
1108 3506 1191 3563 istam

214 3596 359 3643 mentem:
381 3585 451 3642 mibi
466 3585 569 3641 crede:
590 3584 759 3641 obliviscere
774 3584 872 3655 caedis,
886 3594 969 3659 atque
982 3584 1190 3643 incendiorum.

215 3665 340 3722 Teneris
359 3664 503 3739 undique:
531 3662 596 3719 luce
618 3672 685 3733 sunt
703 3663 825 3720 clariora
838 3662 921 3720 uobis
935 3672 984 3719 tua
999 3664 1120 3720 consilia
1132 3681 1192 3720 om·

215 3744 281 3802 nia:
304 3763 367 3818 quae
379 3742 465 3799 etiam
477 3760 590 3798 mecum
599 3740 668 3797 licet
679 3761 878 3817 recognoscas.
913 3739 1122 3810 Meministine,
1133 3759 1190 3810 me,

216 3821 366 3880 antediem
378 3819 450 3878 XII.
466 3819 612 3876 Calendas
625 3818 808 3892 Novembris,
818 3820 915 3877 dicere
927 3819 956 3876 in
965 3828 1079 3891 senatu,
1091 3819 1150 3877 sore
1160 3817 1189 3876 in
