2702 4464
435 325 571 376 onxrro
596 325 615 374 r.
637 298 677 374 ιιι
700 325 731 375 a.
749 324 960 375 carminum.
1197 329 1234 386 15

211 469 315 527 timesl
334 469 501 545 praeclaram
515 465 582 526 verb
604 468 708 543 populo
728 467 862 525 Romano
882 467 971 523 refers
990 466 1122 542 gratiam,
1136 466 1185 541 qui

211 558 250 619 te,
259 548 404 605 hominem
413 566 463 622 per
474 557 502 604 te
514 546 672 622 cognitum,
683 547 762 602 nulla
772 546 1022 603 commendatione
1034 545 1184 620 majorum,

211 636 269 682 tam
283 623 394 682 mature
410 626 445 682 ad
460 644 603 682 summum
618 624 769 699 imperium
780 643 830 699 per
843 641 944 680 omnes
968 625 1107 680 honorum
1122 642 1186 698 gra·

211 704 265 760 dus
278 703 389 774 extulit,
404 704 439 774 si,
452 714 567 779 propter
581 702 718 759 invidiam
734 713 783 759 aut
794 703 916 776 alicujus
929 701 1050 776 periculi
1065 711 1183 771 metum,

211 782 332 838 salutem
346 781 453 838 civium
467 791 581 837 tuorum
602 780 734 856 negligis.
776 780 845 849 Sed,
867 780 892 837 si
915 779 980 855 quis
1003 790 1047 836 est
1068 779 1184 835 invidie
1216 783 1235 835 5

211 871 316 923 metus,
332 878 401 916 num
422 868 467 916 est
486 856 686 914 vehementius
708 858 867 914 severitatis
891 877 926 914 ac
949 858 1123 915 fortitudinis
1143 857 1186 913 in-

211 938 298 1008 vidia,
313 936 399 1013 qurlm
414 936 524 994 inertiae
539 955 574 993 ac
588 935 732 1011 nequitias,
746 936 999 1011 pertimescendal
1040 936 1100 1005 An,
1115 932 1184 992 crim

212 1016 287 1072 bello
300 1015 457 1071 vastabitur
471 1013 566 1082 Italia,
578 1014 756 1070 vexabuntur
765 1014 859 1084 urbes,
874 1024 950 1070 teeta
965 1013 1115 1083 ardebunt,
1125 1022 1186 1069 tum

212 1105 241 1151 te
256 1113 314 1149 non
328 1093 475 1150 existimas
489 1092 603 1148 invidiae
618 1092 754 1149 incendio
769 1091 1010 1167 conflagraturum
1022 1092 1057 1148 l'’

252 1171 325 1228 XII.
348 1171 404 1228 His
417 1190 472 1260 ego
494 1170 684 1227 sanctissimis
705 1170 871 1245 reipublicae
895 1169 1023 1239 vocibus,
1045 1177 1185 1226 eteorum
1200 1169 1236 1222 10

213 1249 360 1306 bominum
363 1249 435 1324 ‚qui
456 1249 533 1305 idem
554 1247 692 1317 sentiunt,
707 1248 861 1317 mentibus,
882 1266 977 1322 pauca
996 1247 1184 1322 respondebo.

212 1326 314 1403 Egoj
293 1347 317 1383 ει
331 1328 386 1385 hoe
399 1327 538 1402 optimum
548 1326 626 1383 factu
638 1325 809 1401 judicarem,
822 1326 921 1382 Patres
932 1325 1106 1413 conscripti,
1118 1324 1187 1381 Cat

213 1406 311 1462 ilinam
325 1416 415 1463 morte
429 1404 563 1474 multari,
585 1405 671 1461 unius
685 1423 801 1460 usuram
822 1405 899 1461 horae
919 1403 1070 1493 gladiatori
1089 1402 1135 1459 isti
1150 1404 1186 1459 ad

213 1483 364 1540 vivendum
378 1502 437 1540 ιιοιι
451 1484 602 1540 dedissem.
644 1482 771 1553 Etenim,
785 1482 809 1538 si
828 1483 932 1539 summi
947 1482 1008 1552 viri,
1022 1492 1051 1538 et
1064 1480 1187 1538 clarissi-

213 1562 252 1618 mi
267 1562 354 1628 cives,
367 1561 526 1631 Saturnini,
540 1570 570 1616 et
579 1561 789 1631 Gracchorum
802 1570 832 1616 et
846 1560 957 1631 Flacci,
966 1572 995 1617 et
1009 1559 1186 1635 superiorum
1202 1556 1236 1609 15

213 1639 403 1728 complurium
417 1640 569 1716 sauguine,
583 1658 641 1695 non
656 1635 740 1695 madri
755 1657 786 1695 se
800 1658 858 1696 non
877 1639 1121 1709 contaminarunt,
1135 1637 1187 1694 sed

214 1718 300 1774 etiam
315 1718 519 1787 honestaruut3
542 1716 621 1774 certe
636 1717 707 1772 mihi
722 1717 877 1773 verendum
898 1736 955 1774 nou
969 1727 1040 1787 erat,
1055 1734 1092 1772 ne
1106 1715 1186 1791 quid,

214 1796 268 1853 hoe
282 1796 466 1870 parricida
440 1796 547 1853 civium
559 1794 720 1864 interfecto,
734 1794 848 1851 invidiae
863 1795 955 1851 mihi
947 1814 977 1852 111
991 1794 1186 1870 posteritatem

214 1874 395 1931 redundaret.
435 1871 563 1936 Quod
542 1893 566 1929 sr
585 1893 621 1930 ea
641 1873 711 1929 mihi
725 1871 850 1929 maxime
872 1873 1066 1948 impenderet;
1089 1884 1186 1930 tamen

215 1953 270 2009 hoc
284 1953 380 2009 animo
400 1972 513 2028 semper
534 1951 585 2022 fui,
600 1961 631 2008 ut
645 1950 783 2008 invidiam
803 1951 906 2008 virtute
919 1962 1041 2028 partam,
1055 1951 1185 2027 gloriam,
1200 1956 1236 2010 20

215 2049 273 2086 non
288 2030 434 2101 invidiam,
449 2041 587 2106 putarem.

252 2108 429 2185 Quanquam
444 2109 575 2166 nonnulli
585 2117 652 2164 sunt
663 2107 692 2164 in
704 2108 759 2165 hoc
770 2108 881 2179 ordine,
892 2108 941 2184 qui
953 2119 1045 2166 autea
1047 2127 1126 2183 ,quae
1135 2106 1188 2164 im·

215 2186 555 2256 mineut‚nonv1deant
576 2196 625 2242 aut
648 2205 693 2256 ea,
703 2206 770 2276 quae
793 2187 900 2258 vident,
915 2187 1114 2256 dissimulent;
1136 2186 1185 2261 qui

216 2283 295 2338 spem
304 2264 437 2321 Catilinae
446 2265 577 2321 mollibus
586 2266 736 2322 sententiis
748 2266 880 2322 aluerunt
882 2266 1186 2341 ,conjurationemque
1246 2311 1252 2325 ,

216 2351 394 2412 nascentem,
403 2362 461 2399 non
472 2344 625 2409 eredendo,
636 2345 897 2401 corroboraverunt
931 2344 1065 2404 Quorum
1075 2354 1186 2399 auctor
1200 2340 1235 2394 25

217 2418 315 2476 itatem
329 2420 421 2477 secuti
435 2421 526 2490 multi,
541 2440 598 2478 ιιοιι
612 2420 705 2478 solirm
729 2421 859 2496 improbi,
874 2440 973 2478 verum
996 2421 1084 2477 etiam
1099 2420 1187 2496 impe·

217 2498 273 2568 riti,
289 2498 312 2555 si
327 2498 356 2554 in
371 2500 450 2556 hune
465 2499 736 2570 animadvertissem,
752 2500 916 2566 crudeliter,
931 2508 960 2556 et
973 2498 1052 2575 regie
1078 2500 1186 2556 sactum

215 2595 278 2632 esse
290 2577 452 2633 dicerent'
444 2576 500 2645 N
503 2596 559 2633 unc
574 2577 710 2666 intelligo,
725 2579 749 2635 si
764 2578 826 2648 iste,
840 2598 897 2653 quo
883 2576 1065 2649 intendit,
1058 2598 1088 2635 ru
1102 2578 1187 2634 Man·

215 2655 292 2711 liana
313 2665 408 2712 castra
420 2656 591 2731 pervenerit,
606 2658 752 2712 neminem
766 2667 824 2714 tam
835 2657 953 2713 stultum
967 2657 1036 2728 fore,
1057 2657 1106 2732 qui
1127 2675 1185 2714 non

215 2734 309 2791 videat
324 2733 552 2808 conjurationem
566 2754 629 2791 esse
644 2735 760 2805 factam,
775 2736 919 2792 neminem
941 2746 1000 2792 tam
1015 2736 1184 2811 improbum,
1200 2730 1235 2783 3⁰

214 2811 334 2886 quinon
350 2814 481 2870 fateatur.
523 2811 590 2869 Hoc
606 2823 702 2869 autem
716 2833 774 2870 uno
788 2813 949 2884 interfecto,
965 2814 1094 2890 intelligo
1108 2815 1185 2870 hanc

215 2890 379 2964 reipublicae
394 2902 503 2965 pestem
516 2891 668 2978 paulisper
674 2892 800 2978 reprimi,
815 2911 870 2949 non
885 2893 1094 2967 inperpetuum
1109 2911 1187 2948 eom·

214 2969 307 3063 primi,
323 2988 413 3044 posse.
453 2967 581 3030 Quod
560 2987 583 3024 ει
597 2986 628 3025 se
642 2967 769 3042 ejecerit,
784 2989 940 3045 secumque
964 2989 1030 3026 suos
1044 2971 1184 3040 eduxerit,

214 3058 243 3102 et
256 3045 359 3104 eddam
373 3057 492 3105 caeteros
506 3047 632 3118 undique
647 3047 785 3104 collectos
797 3048 950 3143 naufragos
969 3049 1184 3138 aggregaretur

214 3126 412 3200 exstinguetur
427 3135 511 3199 atque
522 3123 673 3196 delebitur,
684 3144 744 3182 non
758 3123 843 3183 modb
865 3127 927 3183 haec
941 3136 1000 3182 tam
1022 3129 1119 3184 adulta
1132 3128 1185 3183 rei·
1200 3131 1235 3184 35

214 3203 335 3278 publicae
346 3214 409 3279 pest
410 3205 444 3273 ia,
453 3222 553 3259 verum
561 3213 648 3259 etlam
657 3204 742 3280 stirps
749 3223 783 3261 ac
791 3222 888 3260 semen
900 3205 1184 3262 malorumomnium.
1241 3266 1249 3275 ‚

190 3286 199 3333 ’.
253 3281 341 3337 ΧΙΙΙ.
383 3281 500 3338 Etenim
517 3281 639 3355 Jamdiu,
650 3280 751 3338 Patres
763 3282 954 3358 Conscripti‚
948 3302 977 3339 ιιι
992 3283 1036 3340 his
1049 3284 1186 3358 perieulis

215 3358 419 3433 conjurationis
434 3359 602 3433 insidiisque
625 3376 787 3416 versamur:
808 3360 868 3429 sed,
893 3361 992 3416 nescio
1013 3380 1069 3434 quo
1090 3373 1184 3434 pacto,

213 3437 342 3492 omnium
356 3438 497 3494 scelerum
512 3456 546 3494 ae
559 3437 664 3494 veteris
677 3437 779 3494 furoris
792 3451 822 3494 et
836 3437 964 3494 audacie
989 3439 1139 3496 maturitas
1154 3440 1184 3496 iu

215 3513 304 3569 nostri
318 3515 483 3571 consulatis
496 3525 609 3590 tempus
619 3516 721 3590 erupit
761 3514 888 3577 Quodn
899 3528 1022 3574 extante
1034 3517 1185 3575 latrocinio
1200 3519 1235 3573 to

215 3590 269 3646 iste
289 3610 364 3647 unus
384 3592 513 3663 tolletur3
542 3593 702 3650 videbimur
727 3592 845 3650 fortasse
868 3595 903 3650 ad
935 3594 1020 3652 breve
1040 3598 1185 3672 quoddam

216 3678 327 3742 tempus
341 3669 411 3726 curti
426 3681 454 3727 et
474 3682 552 3728 metu
566 3690 629 3727 esse
644 3671 776 3727 relevati:
780 3672 958 3761 periculum
973 3684 1069 3730 autem
1080 3675 1186 3732 reside-

216 3747 264 3816 bit,
280 3757 309 3804 et
322 3748 377 3804 erit
390 3747 533 3806 inclusum
548 3746 663 3824 penitus
678 3749 707 3805 in
722 3749 802 3805 venis
817 3760 900 3824 atque
916 3751 944 3806 in
960 3751 1118 3810 visceribus
1133 3754 1187 3810 rei-

214 3792 344 3901 publicae.
386 3825 426 3885 Ut
439 3846 515 3902 aaepe
529 3827 660 3884 homines
669 3846 737 3903 aegrr
729 3827 847 3884 morbo
860 3828 949 3904 gravi,
965 3848 1033 3887 cum
1044 3840 1114 3888 aestu
1125 3831 1187 3888 seb-
