2702 4464
393 378 529 430 oaxrro
551 381 573 430 1.
594 380 633 430 ur
655 379 686 428 c.
705 377 918 430 cummunis.
1162 384 1199 444 13

165 526 240 586 meis
259 524 420 604 moribus):
442 533 471 581 et
484 533 581 583 tamen
596 524 711 590 faciam,
736 535 771 581 ut
791 522 946 600 intelligas,
970 524 1039 601 quid
1061 524 1091 582 hi
1111 525 1149 583 de

165 619 196 665 te
215 605 351 662 sentiant.
393 603 540 680 Egredere
562 623 598 661 ex
621 604 701 674 urbe,
716 602 862 660 Catilina:
883 603 975 661 libera
994 604 1150 680 rempubli-

165 702 232 743 cam
244 693 342 741 metu:
366 682 395 739 iu
410 682 542 740 exsilium
559 683 597 757 (si
612 684 688 739 hauc
710 700 810 738 vocem
831 686 996 762 exspectas)
1019 682 1149 758 prolicis·

166 782 243 821 cere.
284 762 368 824 Quid
381 772 436 832 est,
448 760 596 818 Catilinal
610 760 716 835 ecquid
741 760 875 830 attendis,
900 762 1007 837 ecquid
1019 761 1149 818 animad-

167 842 363 899 vertishorum
376 839 546 897 silentiuml
580 838 749 907 Patiuntur3
764 849 870 895 tacent.
903 840 987 900 Quid
999 851 1150 916 exspectas
1179 851 1199 904 5

168 920 370 978 auctoritatem
384 919 575 995 loquentium,
589 937 710 994 quorum
725 918 900 975 voluntatem
919 920 1073 976 tacitorum
1087 938 1150 997 per·

168 1019 182 1057 s
203 999 257 1055 icis
267 1000 282 1055 l-

182 1019 260 1147 pAt‚
274 1077 299 1134 si
313 1076 368 1134 boc
382 1076 460 1133 idem
474 1075 544 1133 huic
559 1073 737 1133 adolescenti
750 1072 869 1149 optimo,
884 1074 916 1132 P.
932 1075 1042 1147 Sextio,
1056 1075 1081 1133 si
1096 1075 1150 1133 lor·

167 1157 279 1213 tissimo
292 1156 363 1226 viro,
378 1154 420 1211 M.
436 1154 588 1225 Marcello,
603 1154 739 1211 dixissem
752 1172 760 1223 ;
778 1152 839 1227 jam
861 1154 932 1211 mihi
954 1154 1076 1225 consuli,
1091 1154 1149 1213 hoc

169 1236 178 1292 i
199 1255 230 1293 so
245 1236 274 1291 iu
290 1235 406 1309 templo,
418 1233 482 1309 jure
495 1234 614 1310 optimo,
629 1242 746 1290 senatus
760 1232 818 1288 vim
832 1242 862 1289 et
880 1251 984 1289 manus
998 1233 1148 1291 intulisset.
1164 1240 1199 1294 10

198 1334 215 1371 e
228 1325 258 1371 te
273 1325 381 1383 autem,
396 1312 534 1384 Catilina,
546 1311 615 1370 cirm
626 1312 790 1388 quiescunt,
799 1312 939 1385 probant:
955 1311 1021 1371 edm
1036 1313 1150 1389 patiun-

167 1403 225 1463 tur,
253 1393 432 1449 deceruuut:
461 1389 530 1449 clim
556 1401 666 1461 tacent,
694 1390 842 1451 clamant:
873 1410 967 1466 neque
994 1391 1024 1448 hi
1043 1392 1148 1463 solum,

167 1490 289 1547 quorum
303 1471 356 1527 tibi
371 1470 526 1527 auctoritas
540 1479 584 1527 est
599 1470 733 1526 videlicet
747 1487 825 1537 cara,
841 1469 899 1526 vita
923 1470 1074 1539 vilissima3
1096 1472 1148 1528 sed

167 1550 256 1607 etiam
272 1549 312 1606 illi
327 1550 439 1624 equites
453 1549 593 1619 Romani,
608 1547 900 1623 honestissimiatque
910 1550 1010 1624 optimi
1022 1549 1083 1620 viri,
1094 1568 1149 1607 caa-

167 1629 280 1703 terique
295 1628 440 1686 fortissimi
456 1628 545 1698 cives,
559 1628 608 1702 qui
623 1628 813 1684 circumstant
824 1637 966 1698 senatum,
981 1647 1102 1703 quorum
1116 1637 1148 1684 tu
1164 1632 1199 1684 15

167 1718 198 1764 et
212 1707 402 1783 frequentiam
416 1707 523 1775 videre,
539 1718 568 1763 et
588 1706 684 1763 studia
703 1706 878 1781 perspicere,
898 1717 929 1763 et
954 1726 1040 1764 voces
1061 1707 1148 1784 paulo

168 1786 237 1844 autd
251 1786 399 1855 exaudire,
408 1785 543 1861 potuisti:
557 1804 677 1860 quorum
690 1803 745 1862 ego
754 1785 801 1842 vix
815 1785 908 1841 abste
919 1785 1031 1861 jamdiu
1045 1804 1149 1843 manus
1189 1786 1197 1793 “

168 1884 204 1922 ac
225 1866 282 1922 tela
309 1865 463 1933 coutineo;
485 1864 602 1921 eosdem
625 1863 710 1921 facile
731 1862 884 1934 adducam,
900 1874 932 1920 ut
952 1875 981 1921 te
996 1866 1069 1936 haec,
1084 1883 1148 1939 quas

171 1944 345 2020 jampridem
367 1952 480 2017 vastare
501 1943 611 2014 studes,
631 1942 851 2018 relinquentem,
874 1962 963 2019 usque
991 1943 1027 2000 ad
1052 1955 1148 2019 portas

166 2032 384 2099 prosequantur.
398 2024 417 2087 l
1162 2020 1199 2073 20

207 2101 263 2158 IX.
284 2101 462 2176 Quanquam
476 2099 547 2175 quid
560 2098 682 2174 loquuti
703 2109 732 2156 te
746 2109 778 2156 ut
791 2098 850 2157 ulla
861 2120 908 2157 res
922 2102 1056 2177 frangatl
1070 2111 1101 2158 tu
1116 2111 1148 2158 nt

166 2199 294 2255 unquam
315 2191 343 2237 te
368 2180 516 2255 corrigasl
539 2186 571 2235 tu
593 2189 625 2235 ut
649 2178 736 2236 ullam
759 2178 856 2256 sugam
878 2180 1039 2237 mediterel
1061 2190 1092 2237 tu
1116 2190 1149 2238 ut

167 2259 258 2317 ullum
272 2259 403 2315 exsilium
418 2258 548 2333 cogitesl
590 2257 707 2315 Utinam
722 2258 774 2316 tibi
788 2259 873 2316 istam
894 2270 1020 2316 mentem
1035 2258 1084 2316 Dii
1098 2259 1150 2315 im·

167 2336 304 2394 mortales
317 2336 416 2393 duintl
432 2336 543 2399 tametsi
557 2335 649 2407 video,
664 2337 698 2408 si,
713 2337 778 2394 meai
792 2357 862 2395 voce
876 2337 1052 2413 perterritus,
1068 2336 1109 2393 ire
1119 2337 1148 2393 iu

169 2415 304 2472 exsilium
320 2415 448 2469 animum
463 2414 617 2486 induxeris,
632 2427 741 2492 quanta
754 2426 910 2492 tempestas
925 2415 1040 2471 iuvidiae
1055 2414 1147 2485 nobis,
1162 2415 1198 2470 25

170 2493 196 2550 si
211 2490 307 2548 minus
321 2492 351 2548 iu
370 2510 496 2567 praeseus
510 2504 630 2570 tempus,
645 2495 757 2552 recenti
776 2493 915 2551 memorial
930 2492 1072 2549 scelerum
1086 2502 1149 2549 tuo·

171 2589 245 2640 rum,
270 2580 297 2627 at
318 2570 347 2626 in
368 2570 571 2647 posteritatem,
593 2574 767 2650 impendeat.
820 2572 878 2629 Sed
903 2583 947 2628 est
971 2571 1043 2628 mihi
1063 2571 1146 2643 tanti,

171 2648 324 2706 dummodo
338 2650 391 2707 ista
405 2650 513 2724 privata
524 2651 561 2708 sit
575 2653 735 2724 calamitas,
750 2661 779 2709 et
798 2671 815 2709 a
828 2651 995 2727 reipublicae
1009 2651 1147 2727 periculis

170 2729 343 2805 sejungatur.
386 2729 454 2799 Sed,
463 2739 495 2785 tu
510 2740 541 2786 ut
555 2731 631 2787 vitiis
644 2732 702 2788 tuis
717 2750 924 2802 commoveare,
937 2741 968 2788 ut
981 2730 1078 2807 legum
1088 2750 1147 2806 poe-

168 2826 221 2863 nas
233 2808 430 2883 pertimescas,
447 2819 476 2864 ut
491 2810 668 2884 temporibus
681 2810 847 2885 reipublioae
863 2811 1018 2881 concedas,
1031 2830 1089 2868 non
1103 2822 1147 2866 est
1160 2809 1197 2863 30

167 2887 386 2961 postulandum:
407 2905 501 2961 neque
516 2888 594 2944 enim
610 2889 634 2945 is
648 2909 690 2959 es,
705 2888 842 2960 Catilina,
857 2898 889 2946 ut
902 2899 930 2946 te
954 2900 1003 2947 aut
1024 2890 1115 2965 pudor
1130 2909 1148 2946 a

168 2965 353 3039 turpitudine,
366 2974 415 3023 aut
424 2976 519 3022 metus
532 2967 696 3041 epericulo,
706 2979 755 3024 aut
766 2968 839 3025 ratio
853 2968 982 3040 afurore,
994 2968 1144 3025 revocarit.

205 3043 416 3114 Quamobrem,
433 3043 480 3119 (ut
495 3064 570 3118 saepe
582 3045 640 3120 jam
656 3046 729 3125 dixi)
739 3044 938 3122 proficiscere:
957 3066 1001 3117 ac,
1017 3047 1041 3102 si
1063 3046 1144 3117 milri,

168 3121 285 3180 inimico
300 3123 346 3199 (ut
359 3122 516 3200 praedicas)
527 3133 586 3194 tuo,
596 3124 723 3182 coullare
737 3126 779 3182 vis
793 3125 952 3195 iuvidiam;
968 3123 1049 3182 recta
1057 3144 1145 3201 perge

166 3200 196 3256 in
211 3203 352 3259 exsilium.
394 3202 454 3259 Vix
468 3201 558 3257 seram
583 3222 729 3260 sermones
753 3204 913 3273 hominum,
928 3205 952 3262 si
974 3205 1003 3261 id
1024 3204 1144 3262 leceris:
1159 3209 1195 3263 35

166 3279 211 3336 vix
226 3281 328 3337 molem
344 3281 427 3337 istius
442 3278 568 3350 invidie,
582 3281 607 3337 si
622 3281 651 3338 in
666 3283 798 3339 exsilium
813 3281 880 3337 ieris
903 3283 985 3358 jussu
1008 3282 1145 3353 consulis,

164 3359 320 3416 sustinebo.
364 3359 530 3415 sinautem
555 3359 661 3416 servire
683 3379 754 3417 meaa
775 3359 853 3416 laudi
875 3370 905 3416 et
925 3360 1022 3435 gloriae
1044 3361 1144 3429 mavis,

163 3438 301 3512 egredere
316 3456 384 3494 cum
405 3436 569 3511 importuni
589 3439 795 3495 sceleratorum
810 3456 915 3506 manu;
938 3437 1037 3495 confer
1058 3445 1087 3493 te
1107 3439 1144 3494 ad

165 3514 309 3571 Manlium
322 3535 329 3583 ;
351 3515 467 3573 concita
479 3515 607 3591 perditos
621 3517 717 3585 cives3
739 3534 859 3572 secerne
873 3526 901 3571 te
916 3535 933 3571 a
947 3516 1048 3585 bouis;
1071 3514 1145 3574 inser

164 3594 264 3668 patriae
278 3593 403 3663 bellum;
425 3593 537 3651 exsulta
551 3594 639 3668 impio
652 3593 815 3663 latrocinio,
826 3604 856 3649 ut
871 3612 887 3650 a
901 3613 947 3651 me
962 3614 1020 3652 non
1033 3594 1144 3671 ejectus
1158 3600 1194 3654 40

164 3671 201 3728 ad
217 3670 334 3741 alienos,
349 3673 399 3729 sed
413 3673 552 3730 invitatus
567 3673 602 3728 ad
616 3683 691 3742 tuos,
706 3671 764 3728 isse
778 3672 911 3729 videaris.

202 3750 380 3824 Quanquam
395 3751 463 3826 quid
478 3770 533 3826 ego
554 3760 583 3806 te
604 3750 745 3807 inviteml
768 3768 784 3806 a
808 3771 864 3826 quo
885 3751 945 3827 jam
967 3754 1057 3811 seiam
1079 3773 1144 3811 esse

165 3829 336 3903 premissos,
350 3830 399 3903 qui
413 3829 466 3885 tibi
476 3830 511 3885 ad
526 3829 634 3885 Forum
650 3828 801 3885 Aurelium
813 3833 1043 3905 praestolareutur
1054 3851 1145 3890 arma·

163 3907 202 3976 ti;
224 3907 314 3962 sciam
328 3917 443 3981 pactam
458 3918 487 3962 et
501 3907 687 3964 constitutam
702 3925 765 3963 esse
787 3927 854 3964 cum
877 3908 989 3970 Manlio
1009 3912 1104 3968 diem:
1127 3929 1144 3966 a
