2658 4468
399 382 535 433 ORATIO
558 381 596 431 IN
617 382 656 430 M.
678 381 881 432 ANTONIUM.
1124 380 1182 440 143

33 583 49 588 ³
140 520 224 599 letis3
253 537 315 585 turn
343 526 396 584 iste
423 526 572 583 venditum
600 535 686 600 atque
715 523 929 600 emancipatum
955 524 1133 587 tribunatum
1180 575 1183 584 .

142 607 271 669 consiliis
285 604 385 662 vestris
398 604 528 681 opposuit
535 624 543 674 ;
565 605 749 678 cervicesque
762 622 829 660 suas
842 602 870 660 ei
891 603 1014 678 subjecit
1026 602 1132 674 securi,

141 687 201 764 qud
215 684 298 742 multi
312 683 471 740 minoribus
492 682 523 740 in
542 683 672 758 pcccatis
691 683 870 740 occiderunt.
912 681 949 739 In
975 691 1004 739 te
1026 690 1132 753 autem,

144 766 187 823 M.
204 763 323 832 Antoni,
345 762 374 819 id
395 762 522 819 decrevit
541 772 659 818 senatus
674 760 717 836 (et
739 761 856 835 quidem
880 759 1042 831 incolumis,
1063 779 1134 817 non-

144 846 214 902 dum
229 851 270 900 tot
290 840 449 898 luminibus
462 840 635 918 exstinctis),
657 841 732 914 quod
755 839 786 896 in
805 841 914 896 hostem
935 847 1064 914 togatum
1084 838 1133 895 de-
1163 840 1182 894 5

145 922 225 980 cerni
246 929 290 978 est
310 919 424 976 solitum
445 937 524 975 more
544 918 692 992 majorum.
733 916 773 975 Et
786 927 818 973 tu
842 916 916 992 apud
936 916 1037 974 Patres
1057 916 1134 973 Con·

145 1001 266 1076 scriptos
280 1007 380 1055 contra
399 1016 446 1054 me
467 996 564 1054 dicere
585 1015 671 1053 ausus
691 1015 732 1066 es,
754 993 822 1052 ciun
841 995 946 1053 abhoc
959 995 1060 1052 ordine
1079 1013 1134 1071 ego

146 1086 328 1137 conservator
348 1094 451 1145 essem,
472 1084 503 1131 tu
524 1074 621 1146 hostis,
649 1074 814 1151 reipublicae
832 1074 1000 1149 judicatusl
1049 1072 1135 1130 Com·

145 1154 315 1214 memoratio
334 1154 411 1211 illius
431 1153 473 1210 tui
494 1153 611 1211 sceleris
639 1153 802 1210 intermissa
828 1161 881 1222 est,
909 1171 966 1209 non
996 1152 1134 1209 memoria

146 1235 251 1292 deleta.
292 1232 370 1288 Dum
384 1251 476 1309 genus
499 1232 657 1303 hominum,
672 1233 741 1288 dum
761 1230 857 1307 populi
881 1230 1009 1288 Romani
1029 1249 1131 1288 nomen
1147 1228 1182 1283 m

146 1312 271 1370 exstabit
285 1309 374 1388 (quod
388 1310 504 1384 quidem
518 1311 582 1381 erit,
605 1311 630 1367 si
652 1330 703 1387 per
723 1322 751 1367 te
765 1309 889 1380 licuerit,
904 1307 1132 1388 sempiternum),

147 1401 198 1448 tua
212 1390 262 1446 illa
273 1389 408 1465 pestifera
422 1389 590 1446 intercessio
603 1388 804 1446 nominabitur.

186 1467 270 1529 Quid
284 1466 387 1542 cupide
403 1486 420 1524 a
433 1478 545 1538 senatu,
567 1468 636 1543 qnid
656 1465 765 1524 temere
776 1466 885 1536 0fiebat‚
900 1463 968 1523 crim
986 1475 1028 1538 tu,
1049 1484 1134 1536 unus,

148 1547 325 1616 adolescens,
340 1546 505 1603 universum
519 1546 649 1603 ordinem
666 1545 822 1603 decernere
845 1544 882 1601 de
896 1545 988 1602 salute
1001 1543 1136 1620 reipubli-

148 1644 191 1683 cae
212 1624 402 1700 prohibuisti?
423 1644 518 1700 neque
540 1625 569 1682 id
593 1624 692 1694 semel,
714 1623 765 1681 sed
788 1623 909 1699 saepius:
930 1642 1023 1697 neque
1043 1634 1075 1679 tu
1095 1633 1135 1680 te-
1149 1617 1184 1672 15

148 1722 217 1761 curn
238 1703 275 1760 de
304 1702 420 1760 senariis
449 1703 619 1761 auctoritate
648 1703 694 1779 agi
724 1721 824 1777 passus
853 1721 893 1759 es.
934 1701 1017 1762 Quid
1038 1710 1135 1757 autem

148 1782 298 1858 agebatur,
325 1780 381 1838 nisi
403 1800 441 1838 ne
462 1781 558 1839 delere
579 1791 607 1838 et
629 1790 756 1838 evertere
778 1779 985 1856 rempublicam
1007 1779 1136 1837 funditus

147 1860 246 1931 velles,
261 1857 329 1916 cirin
342 1870 370 1916 te
383 1878 477 1934 neque
499 1860 643 1936 principes
666 1859 790 1917 civitatis
813 1859 949 1935 rogando,
963 1877 1058 1932 neque
1076 1876 1136 1914 rna·

145 1938 223 2015 jores
243 1947 313 1995 natu
343 1939 494 2009 monendo,
522 1958 617 2013 neque
648 1937 782 2013 frequens
811 1948 928 1995 senatus
956 1937 1077 2012 agendo,
1099 1937 1136 1993 de

148 2016 372 2091 venditabatque
402 2016 519 2074 addictd
546 2017 689 2074 sententia
717 2017 868 2074 demovere
893 2015 1007 2091 potnitl
1055 2014 1135 2071 Tum
1148 2015 1184 2070 20

149 2095 231 2166 illud,
245 2095 341 2151 multis
364 2095 451 2152 rebus
472 2092 538 2152 ante
560 2095 686 2166 tentatis,
708 2093 872 2152 necessarid
897 2094 949 2151 tibi
970 2094 1074 2151 vulnus
1093 2092 1136 2150 in·

148 2173 271 2243 flictum,
285 2173 361 2247 quod
379 2173 481 2249 paucis
502 2183 568 2231 ante
587 2184 635 2231 te:
657 2193 777 2248 quorum
791 2173 943 2231 incolumis
964 2172 1021 2230 suit
1040 2190 1133 2229 nemo.
1171 2208 1175 2215 ·

148 2252 230 2309 Tum
250 2262 350 2309 eontra
369 2261 398 2308 te
419 2252 498 2309 dedit
519 2271 599 2309 arma
618 2252 667 2309 hic
686 2252 756 2310 ordo
776 2251 942 2308 consulibus
962 2250 1135 2324 reliquisque

147 2329 277 2406 imperiis
289 2340 318 2387 et
331 2331 534 2405 potestatibns;
555 2350 618 2407 quae
631 2350 689 2388 non
709 2330 868 2407 effugisses,
889 2329 945 2386 nisi
959 2338 988 2386 te
1003 2328 1039 2385 ad
1056 2346 1136 2384 arma

147 2408 275 2468 Cesaris
288 2408 465 2466 contulisses.
1147 2402 1185 2457 2⁵

188 2485 292 2544 XXII.
327 2486 387 2556 Tu,
402 2497 443 2558 tu,
458 2488 586 2563 inquam,
610 2486 652 2544 M.
667 2485 788 2555 Antoni,
809 2485 943 2561 princeps
965 2484 999 2542 O.
1015 2483 1134 2554 cesari,

146 2565 246 2624 omnia
259 2565 426 2640 perturbare
440 2566 577 2641 cupienti,
602 2583 720 2622 causam
734 2563 802 2620 belli
817 2572 916 2620 contra
928 2562 1050 2640 patriam
1064 2561 1137 2620 infe·

147 2643 232 2701 rendi
246 2643 359 2701 dedisti.
399 2643 483 2705 Quid
496 2644 574 2701 enim
599 2643 676 2701 aliud
691 2643 739 2700 ille
753 2643 889 2699 dicebatl
910 2660 996 2716 quam
1016 2659 1135 2698 causam

147 2721 357 2779 dementissimi
371 2722 416 2778 sui
436 2722 548 2780 consilii
569 2732 598 2779 et
619 2722 688 2779 facti
713 2721 859 2793 afferebat,
883 2721 939 2778 nisi
954 2719 1031 2795 qudd
1049 2720 1137 2777 inter·

148 2800 243 2858 cessio
256 2801 398 2877 neglecta,
410 2799 457 2875 jus
477 2800 662 2858 tribunicium
686 2800 840 2871 sublatum,
865 2799 1099 2875 circumscriptus
1119 2805 1185 2859 1230

147 2888 252 2936 senatu
272 2887 347 2936 esset
374 2879 539 2939 Antonius?
588 2878 709 2950 Omitto,
737 2877 823 2953 qudrn
850 2880 913 2936 hec
940 2879 1021 2948 falsa,
1049 2877 1136 2952 quim

148 2957 240 3026 levia;
269 2957 427 3032 praesertim
454 2955 521 3014 crim
547 2958 664 3015 omnino
690 2957 770 3015 nulla
798 2976 886 3015 causa
903 2957 981 3032 justa
1000 2956 1137 3030 cuiquam

148 3054 213 3093 esse
233 3036 322 3110 possit
348 3046 448 3093 contra
473 3034 595 3112 patriam
623 3055 702 3093 arma
728 3036 870 3112 capiendi.
925 3036 984 3092 Sed
1007 3035 1079 3092 nihil
1100 3035 1137 3090 de

148 3115 286 3171 Caesare:
306 3114 360 3170 tibi
378 3113 456 3171 certe
481 3114 676 3172 confitendum
697 3124 750 3184 est,
765 3131 882 3171 causam
902 3111 1137 3188 perniciosissimi

149 3192 219 3249 belli
233 3192 263 3249 in
276 3192 398 3268 persond
412 3192 463 3249 tud
476 3192 645 3250 constitisse.
687 3191 715 3249 Ο
730 3192 865 3248 miserum
883 3201 921 3261 te,
944 3191 968 3247 si
982 3188 1135 3264 intelligisl
1150 3192 1186 3246 35

148 3270 338 3339 miseriorem,
361 3270 386 3327 si
409 3290 467 3328 non
489 3271 634 3346 intelligis,
658 3270 713 3327 hoc
733 3269 824 3326 literis
843 3268 984 3337 mandari,
1003 3269 1059 3325 hoc
1078 3285 1139 3323 me·

148 3348 247 3406 moriae
260 3348 351 3424 prodi,
367 3348 451 3424 hujus
474 3349 516 3406 rei
537 3368 575 3406 ne
595 3348 788 3424 posteritatem
810 3347 926 3420 quidem
939 3345 1068 3404 omnium
1088 3363 1139 3400 sae·

148 3427 281 3484 culorum
295 3446 421 3501 unquam
435 3427 631 3484 immemorem
645 3427 715 3495 fore,
730 3425 862 3482 consules
882 3445 918 3482 ex
939 3423 1024 3480 Italia
1039 3441 1139 3479 excus-

148 3525 205 3575 sos,
221 3523 345 3578 cumque
367 3505 412 3562 his
425 3505 480 3563 Cn.
502 3506 681 3581 Pompeium,
696 3503 745 3577 qni
760 3502 871 3578 imperii
894 3501 990 3578 populi
1010 3500 1138 3558 Romani

148 3585 240 3641 decus
255 3602 290 3639 ac
303 3583 401 3641 lumen
416 3583 487 3654 fuit;
508 3602 608 3641 omnes
622 3582 797 3651 consulares,
811 3581 859 3654 qui
879 3601 930 3658 per
944 3579 1138 3637 valetudinem
1152 3586 1188 3641 40

147 3661 267 3737 exsequi
281 3661 394 3719 cladem
415 3663 494 3719 illam
515 3662 669 3737 fugamque
688 3659 862 3736 potuissent3
883 3669 1025 3736 pretores,
1039 3667 1139 3734 preto-

148 3741 215 3810 rios,
231 3739 361 3797 tribunos
374 3740 475 3816 plebis,
490 3758 626 3816 magnam
649 3748 760 3815 partem
783 3738 909 3809 senatuis,
923 3757 1039 3796 omnem
1059 3737 1139 3795 sobo-

147 3820 206 3877 lem
217 3819 385 3894 juventutis,
408 3838 522 3892 unoque
536 3818 632 3889 verbo,
654 3816 862 3893 rempublicam
882 3817 1028 3894 expulsam
1052 3827 1138 3892 atque

147 3896 368 3956 exterminatam
383 3897 442 3954 suis
455 3897 588 3954 sedibus!
