2702 4464
408 346 546 398 ORATIO
568 348 603 401 11.
627 348 666 397 IN
690 348 721 399 L.
743 347 957 399 CATILINAM.
1190 347 1228 407 19

197 491 287 551 Nunc
299 488 367 549 verb
382 489 468 566 quim
491 489 598 562 subito,
611 510 669 549 non
691 489 783 549 solum
805 510 842 549 ex
863 489 952 561 Urbe,
966 486 1067 547 renim
1089 488 1178 546 etiam

198 590 235 627 ex
244 571 329 646 agris,
340 570 488 645 ‘mgentem
497 588 649 627 numerum
657 570 833 644 perditorum
844 569 992 626 homiuum
1003 567 1176 643 collegerat!

198 648 302 719 Nemo,
317 667 374 705 non
386 647 472 705 modo
487 648 600 713 Romae,
615 648 666 704 sed
679 666 735 704 nec
749 648 807 705 ullo
817 648 847 704 in
859 647 964 723 angulo
974 646 1060 704 totius
1073 644 1176 717 ltalia,

197 745 347 802 oppressus
361 743 417 783 aere
432 726 526 783 alieno
540 726 603 797 fuit,
616 744 703 801 quem
721 745 779 783 non
794 726 830 783 ad
854 726 909 783 hoc
932 723 1103 783 incredibile
1116 742 1178 780 sce·

198 804 265 862 laris
280 804 373 860 foedus
387 805 549 861 adsciverit.
570 818 610 885 s
1190 804 1209 857 5

177 874 211 959 f
237 882 274 940 V.
296 883 404 956 Atque,
419 892 452 941 ut
464 884 527 957 ejus
540 882 654 939 diversa
667 882 763 939 studia
776 881 806 939 in
830 881 961 938 dissimili
984 880 1096 938 ratione
1115 899 1177 956 per·

198 960 309 1036 spicere
322 960 452 1036 possitis;
473 979 559 1017 nemo
572 969 615 1019 est
629 960 659 1017 in
669 960 737 1017 ludo
744 960 913 1034 gladiatorio
923 956 1008 1035 paulo
1020 959 1056 1016 ad
1065 959 1178 1015 facinus

200 1038 347 1107 audacior,
362 1039 410 1111 qui
425 1057 527 1096 senon
542 1038 675 1095 intimum
696 1038 830 1094 Catilinae
844 1056 907 1094 esse
932 1038 1071 1104 fateatur;
1093 1054 1179 1094 nemo

199 1117 230 1173 in
244 1116 333 1173 scena
348 1116 434 1172 levior
449 1126 479 1173 et
491 1117 620 1192 nequior,
634 1115 682 1191 qui
698 1134 729 1173 se
742 1134 800 1172 non
814 1115 943 1190 ejusdem
952 1113 1039 1189 prope
1051 1114 1177 1171 sodalem

199 1195 288 1251 fuisse
303 1205 514 1251 commemoret
556 1195 653 1273 Atque
668 1194 744 1250 idem
763 1204 870 1263 tamen,
885 1203 1045 1268 stuprorum
1068 1201 1097 1248 et
1117 1197 1226 1251 sce-10

198 1272 292 1329 lerum
306 1270 511 1330 exercitatione
528 1272 716 1353 assuefactus,
731 1272 845 1347 frigore,
860 1280 889 1329 et
910 1271 995 1340 fame,
1010 1279 1039 1327 et
1062 1268 1119 1338 siti,
1142 1287 1177 1326 ac

199 1350 305 1425 vigiliis
313 1349 499 1425 perferendis,
511 1350 590 1408 fortis
601 1351 637 1406 ab
648 1349 709 1405 istis
719 1350 938 1425 predicabatur,
950 1345 1018 1405 cum
1029 1347 1176 1404 industrias

200 1427 338 1497 subsidia,
353 1437 438 1501 atque
452 1428 642 1485 iustrumenta
664 1428 785 1498 virtutis,
800 1428 830 1485 in
853 1427 974 1484 libidine
996 1425 1177 1500 audaciaque

201 1515 446 1565 consumerentur.

240 1583 329 1640 Hunc
343 1582 410 1640 verb
425 1583 449 1640 si
463 1583 508 1640 sui
523 1584 628 1643 fuerint
643 1584 761 1642 comites
775 1584 884 1653 secuti;
905 1584 930 1640 si
953 1602 990 1640 ex
1002 1582 1081 1640 Urbe
1101 1580 1177 1639 exie·
1192 1586 1225 1642 15

200 1662 257 1718 rint
271 1662 483 1736 desperatorum
498 1663 646 1720 hominum
660 1663 793 1738 flagitiosi
807 1682 927 1739 greges3
949 1682 968 1719 ο
987 1680 1039 1719 nos
1057 1659 1174 1717 beatos!

199 1758 217 1796 o
230 1739 437 1814 rempublicam
452 1740 640 1798 fortunatam!
655 1761 673 1798 ο
686 1741 853 1816 preclaram
876 1741 991 1797 laudem
1010 1738 1177 1797 consulatus

200 1817 273 1873 mei!
296 1815 363 1874 Non
377 1818 456 1874 enim
466 1818 526 1892 jam
540 1830 607 1876 sunt
620 1820 780 1876 mediocres
797 1819 945 1876 hominum
958 1817 1103 1886 libidines,
1117 1835 1176 1872 uon

200 1896 333 1952 humane
349 1913 384 1951 ac
397 1895 552 1953 tolerandae
576 1898 721 1954 audacias·
742 1898 814 1954 nihil
838 1897 976 1972 cogitant,
990 1895 1047 1953 nisi
1070 1895 1175 1964 caedes,

200 1973 256 2029 nisi
283 1973 429 2043 incendia,
457 1975 513 2031 nisi
539 1976 662 2050 rapinas.
703 1974 880 2033 Patrimonia
900 1994 953 2039 sua
972 1973 1174 2048 profuderunt:
1189 1976 1225 2029 20

201 2050 328 2107 fortunas
338 2070 404 2109 suas
414 2052 652 2128 abligurrierunt:
667 2073 713 2110 res
723 2073 772 2111 eos
778 2054 958 2129 jampridem,
969 2052 1041 2109 fides
1051 2050 1176 2108 deficere

200 2147 291 2204 nuper
306 2130 408 2204 coepit:
430 2132 532 2188 eadem
545 2141 643 2188 tamen
656 2132 716 2201 illa,
727 2152 789 2207 quae
801 2143 863 2189 erat
873 2131 903 2189 in
915 2129 1101 2198 abundantia,
1112 2128 1177 2185 libi·

201 2206 238 2263 do
249 2217 406 2281 permanet.
446 2208 537 2269 Quod
551 2210 576 2266 si
590 2211 620 2267 in
634 2211 701 2268 vino
723 2221 753 2267 et
776 2210 840 2267 cleri
854 2209 1070 2269 comissationes
1084 2205 1176 2264 solum

202 2294 231 2340 et
245 2295 339 2341 scorta
352 2298 527 2359 quaererent3
549 2299 645 2346 essent
665 2289 706 2345 illi
726 2289 842 2362 quidem
856 2287 1043 2362 desperandi3
1065 2286 1116 2342 sed
1136 2295 1177 2340 ta·

202 2381 269 2418 men
297 2373 391 2419 essent
417 2364 534 2423 ferendi.
577 2367 643 2424 Hoc
670 2363 737 2423 verb
765 2367 829 2440 quis
853 2366 926 2425 ferre
951 2364 1049 2439 possit,
1071 2363 1225 2419 inertes25

203 2440 333 2496 homines
347 2441 504 2500 fortissimis
518 2445 586 2501 viris
596 2444 737 2514 insidiari,
743 2440 1175 2517 stultissimosprudeutissimis,

203 2517 328 2574 ebriosos
338 2519 447 2590 sobriis,
462 2522 636 2579 dormientes
647 2521 851 2597 vigilantibusl
871 2520 931 2595 qui,
940 2519 1021 2587 mihi,
1034 2518 1177 2575 accuban-

202 2607 245 2651 tes
259 2595 288 2652 in
304 2598 449 2669 conviviis,
464 2601 604 2675 complexi
619 2600 754 2656 mulieres
768 2598 937 2674 impudicas,
952 2597 1019 2654 vino
1036 2596 1176 2672 languidi,

202 2674 325 2730 confecti
340 2675 415 2746 cibo,
430 2678 512 2734 sertis
526 2679 662 2747 redimiti,
676 2678 832 2753 unguentis
852 2677 943 2748 obliti,
958 2675 1099 2733 debilitati
1121 2683 1178 2730 stu·

200 2752 268 2840 pris,
283 2763 414 2887 eiructaut
428 2757 607 2817 sermonibus
620 2757 680 2813 suis
693 2757 803 2813 caedem
823 2756 972 2826 bonorum,
987 2764 1071 2829 atquc
1091 2753 1177 2811 Urbis
1189 2751 1226 2805 30

201 2849 288 2886 mcen
310 2850 345 2887 ra.

214 2918 220 2933 '
239 2908 357 2968 Quibus
371 2929 425 2985 ego
439 2911 552 2969 conlido
566 2912 731 2988 impendere
745 2912 835 2969 fatum
859 2911 991 2987 aliquod3
1014 2918 1043 2966 et
1065 2928 1176 2985 poenas,

207 2986 319 3061 jamdiu
335 2987 518 3063 improbitati,
532 2991 677 3064 nequitiae,
686 2986 804 3060 sceleri,
816 2990 928 3047 libidini
940 2989 1061 3058 debitas,
1073 2997 1122 3044 aut
1136 2987 1178 3043 in-

151 3117 157 3128 ,
201 3074 276 3121 stare
287 3065 347 3139 jam
360 3065 457 3141 plane,
473 3078 522 3124 aut
536 3067 614 3126 certe
626 3068 686 3143 jam
701 3070 933 3144 appropinquare.
966 3067 1051 3127 Quos
1061 3066 1085 3122 si
1096 3084 1177 3121 meus

201 3143 375 3214 consulatus,
389 3145 525 3218 quoniam
539 3165 640 3204 sanare
654 3167 711 3204 non
724 3157 826 3222 potest,
837 3146 998 3214 sustulerit3
1019 3164 1077 3201 non
1091 3144 1177 3200 breve
1190 3142 1226 3196 35

200 3220 299 3279 nescio
312 3223 387 3296 quod
398 3232 519 3298 tempus,
531 3226 581 3281 sed
595 3226 685 3282 multa
699 3225 815 3295 saecula,
825 3224 988 3301 propagarit
1001 3221 1176 3298 reipublicae.

202 3298 292 3355 Nulla
306 3309 349 3356 est
362 3301 440 3357 enim
454 3302 542 3373 natio,
557 3323 642 3378 quam
663 3304 916 3379 pertimescamus:
937 3301 1033 3358 nullus
1055 3319 1114 3369 rex,
1128 3299 1178 3373 qui

201 3376 310 3433 bellum
322 3378 426 3453 populo
439 3379 573 3438 Romano
589 3381 685 3439 facere
706 3382 801 3456 possit.
842 3380 951 3437 Omnia
972 3388 1038 3435 sunt
1060 3387 1179 3434 externa

201 3454 287 3510 unius
296 3455 400 3512 virtute
408 3457 484 3513 terrai
493 3460 621 3533 marique
629 3469 744 3535 pacata:
755 3458 943 3517 domesticum
951 3456 1057 3514 bellum
1066 3464 1177 3524 manet:

203 3531 279 3586 intus
289 3532 399 3588 insidiae
409 3544 475 3590 sunt
485 3556 491 3591 :
502 3536 578 3593 intus
587 3538 729 3594 inclusum
738 3538 899 3612 periculum
908 3546 951 3592 est
961 3555 967 3592 z
979 3536 1056 3591 intus
1064 3544 1107 3591 est
1117 3535 1180 3590 hos·
1191 3529 1228 3585 40

202 3607 247 3663 tis:
276 3607 352 3664 Cum
360 3608 473 3668 luxuriis
481 3614 572 3683 nobis,
582 3635 648 3672 cum
659 3616 794 3686 amentiis,
805 3634 871 3673 cum
881 3615 999 3683 scelere,
1009 3613 1179 3670 certandum

203 3695 254 3741 est.
296 3685 377 3742 Huic
391 3706 445 3763 ego
458 3707 504 3757 me
518 3692 602 3762 bello,
612 3693 755 3764 Quirites,
765 3694 896 3768 profiteor
911 3693 1032 3761 ducem3
1054 3690 1180 3766 suscipio

203 3763 370 3821 inimicitias
381 3765 526 3824 hominum
536 3770 718 3844 perditorum.
758 3772 835 3832 Quae
849 3771 944 3828 sanari
957 3780 1101 3847 poterunt,
1112 3767 1181 3842 quia·

203 3861 318 3921 cunque
333 3844 443 3903 ratione
458 3848 584 3906 sanabo:
605 3868 668 3924 quae
682 3852 841 3911 resecanda
853 3859 947 3922 erunt,
958 3868 1016 3908 non
1033 3847 1125 3924 patiar
1143 3845 1181 3903 ad
