2702 4464
412 347 548 396 ORATIO
570 347 640 396 PRO
661 349 699 397 Μ.
721 346 929 398 MARCELLO.
1177 350 1218 407 69

217 490 257 549 Χ.
292 489 421 548 Diversae
434 489 595 548 voluntates
615 491 723 549 civium
744 490 868 560 fuerunt,
883 490 1084 564 distractaeque
1105 509 1167 547 sen·

179 570 293 636 entiae:
314 570 464 628 nonenim
478 570 606 628 consiliis
620 568 713 628 solum
735 580 765 627 et
785 570 898 640 studiis,
913 568 963 625 sed
979 569 1066 625 armis
1076 568 1168 629 etiam

178 659 208 706 et
228 648 341 720 eastris,
365 649 583 706 dissidebamus.
625 649 697 706 Erat
724 658 820 706 autem
843 648 1003 706 obscuritas
1024 648 1166 722 quaedam,

178 738 241 786 erat
261 738 408 785 certamen
436 727 510 785 inter
541 726 714 785 clarissimos
737 728 844 784 duces:
872 726 956 783 multi
984 726 1166 796 dubitabant,

179 806 249 880 quid
262 806 401 882 optimum
416 816 508 876 esset;
530 806 623 877 multi,
637 806 706 881 quid
729 806 785 863 sibi
806 805 968 881 expediret3
990 805 1083 876 multi,
1098 805 1167 880 quid
1197 807 1216 860 5

178 887 312 954 deceret3
334 885 463 942 nonnulli
478 884 576 955 etiam,
590 885 659 960 quid
676 885 786 941 liceret.
827 884 984 950 Perfuncta
1005 884 1168 960 respublica

177 974 222 1021 est
235 966 290 1021 hoc
304 964 408 1021 misero
431 963 568 1038 fatalique
591 963 682 1021 bello:
704 963 773 1019 vicit
796 962 831 1032 is,
845 962 894 1037 qui
916 982 973 1019 non
992 962 1105 1020 fortuna
1126 962 1169 1019 in·

177 1043 339 1100 flammaret
350 1042 449 1100 odium
464 1061 559 1113 suum,
573 1042 624 1099 sed
638 1041 764 1099 bonitate
778 1041 897 1110 leniret;
919 1060 975 1098 nec
989 1040 1038 1114 qui
1057 1060 1167 1113 omnes,
1231 1034 1234 1081 l

178 1121 283 1196 quibus
296 1121 386 1178 iratus
409 1130 494 1192 esset,
508 1121 624 1178 eosdem
648 1120 736 1178 etiam
757 1119 858 1177 exsilio
882 1129 931 1176 aut
954 1130 1045 1177 morte
1066 1120 1168 1196 dignos
1212 1122 1216 1128 ’

185 1200 337 1276 judicaret.
379 1200 470 1256 Arma
494 1199 531 1255 ab
553 1199 617 1256 aliis
639 1199 740 1275 posita,
756 1200 792 1256 ab
817 1197 881 1254 aliis
894 1208 992 1274 erepta
1004 1209 1079 1255 sunt.
1120 1198 1168 1256 ln·
1181 1198 1216 1252 10

177 1288 276 1355 gratus
290 1288 333 1335 est
346 1277 525 1352 injustusque
539 1278 620 1348 civis,
634 1277 694 1353 qui,
709 1295 853 1334 armorum
876 1276 1005 1352 periculo
1018 1277 1166 1347 liberatus,

178 1357 307 1414 animum
321 1367 417 1413 tamen
431 1356 536 1413 retinet
550 1366 710 1426 armatum;
731 1364 763 1413 ut
776 1356 865 1413 etiam
879 1356 927 1412 ille
941 1356 978 1413 sit
991 1355 1102 1426 melior,
1117 1356 1166 1430 qui

177 1435 209 1493 in
223 1436 286 1492 acie
301 1435 417 1506 cecidit,
431 1435 480 1510 qui
505 1435 535 1492 iu
559 1435 648 1493 causa
671 1434 797 1491 animam
817 1434 950 1511 profudit.
990 1433 1068 1494 Quae
1089 1435 1167 1491 enirn

176 1515 337 1589 pertinacia
359 1514 542 1589 quibusdam,
556 1515 659 1571 eadem
683 1513 748 1570 aliis
770 1513 941 1584 constantia,
955 1512 1045 1571 videri
1065 1523 1166 1588 potest.

178 1594 237 1650 Sed
248 1593 308 1668 jam
321 1593 414 1650 omnis
432 1592 525 1650 fracta
545 1592 685 1650 dissensio
704 1602 748 1649 est
769 1593 865 1663 armis,
880 1600 909 1649 et
921 1591 1063 1649 exstincta
1083 1592 1168 1667 aequi·
1181 1603 1216 1656 15

177 1681 236 1728 tate
250 1672 384 1730 victoris:
405 1683 504 1743 restat,
518 1682 549 1728 ut
563 1690 663 1729 omnes
677 1690 767 1728 uuum
781 1670 879 1741 velint,
893 1671 942 1745 qui
957 1669 1041 1727 modb
1060 1672 1168 1728 habent

177 1751 296 1825 aliquid,
310 1771 368 1809 non
390 1747 484 1808 solnm
505 1750 662 1827 sapientiae,
677 1750 728 1807 sed
749 1749 838 1807 etiam
859 1749 998 1807 sanitatis
1040 1749 1107 1807 Nisi
1128 1760 1166 1822 te,

177 1828 212 1886 C.
227 1831 336 1901 Gaesar,
350 1830 438 1900 salvo,
453 1839 483 1887 et
506 1829 536 1887 in
558 1828 613 1886 ista
637 1828 791 1899 sententia,
813 1827 870 1903 qua
897 1825 965 1885 cbm
990 1838 1084 1900 antea,
1105 1838 1166 1887 tum

177 1908 263 1965 bodie
283 1909 326 1966 vel
351 1906 477 1966 maxime
499 1928 568 1966 usus
588 1927 630 1979 es,
653 1917 799 1979 manente,
816 1905 888 1963 salvi
909 1926 972 1964 esse
993 1926 1051 1964 uon
1070 1926 1167 1983 possu-

177 2004 250 2043 mus.
290 1987 393 2048 Quare
406 2007 506 2045 omues
519 1998 558 2059 te,
572 1986 622 2062 qui
642 1986 706 2043 haec
719 1987 798 2043 saiva
818 2005 881 2042 esse
902 1986 1041 2056 volumus,
1055 1996 1084 2043 et
1105 1987 1167 2043 hor·
1179 1992 1216 2048 20

177 2074 272 2122 tamur
300 2077 330 2123 et
356 2066 552 2138 obsecramus,
581 2075 613 2122 ut
640 2064 716 2135 vitae,
744 2074 777 2121 ut
804 2065 900 2135 saluti,
930 2074 987 2121 tue
1016 2065 1195 2122 consulasz=

177 2162 333 2218 omnesque
346 2145 410 2215 tibi,
425 2143 472 2221 (ut
491 2164 542 2220 pro
564 2143 628 2202 aliis
649 2144 737 2201 etiarn
758 2144 867 2219 loquar,
881 2144 956 2219 quod
980 2144 1016 2201 de
1040 2162 1087 2200 me
1107 2143 1167 2219 ipse

178 2222 285 2299 sentio)
308 2223 443 2297 quoniam
464 2223 582 2281 subesse
604 2222 713 2297 aliquid
732 2233 825 2298 putas,
839 2223 915 2298 quod
937 2223 1098 2279 cavendum
1119 2222 1165 2293 sit,

180 2319 238 2356 uon
252 2298 337 2357 modb
357 2301 495 2358 excubias
513 2311 543 2358 et
565 2302 719 2372 custodias,
738 2302 789 2358 sed
809 2301 897 2358 etiam
917 2301 1040 2357 laterum
1059 2310 1168 2358 nostro·

180 2395 245 2434 rum
258 2378 402 2454 oppositus
415 2388 445 2435 et
458 2397 617 2455 corporum,
630 2380 808 2457 pollicemur.
1179 2382 1216 2436 25

220 2455 277 2513 XI.
311 2457 381 2526 Sed,
409 2456 486 2514 unde
515 2467 559 2514 est
587 2477 660 2530 orsa,
681 2459 711 2515 iu
740 2459 841 2516 eodem
871 2456 1039 2515 terminetur
1067 2458 1158 2515 oratio

180 2534 325 2593 Maximus
350 2534 404 2592 tibi
429 2554 529 2593 omnes
556 2537 662 2613 gratias
689 2537 811 2614 agimus,
839 2536 874 2612 G.
902 2537 1017 2605 Caesar3
1047 2535 1168 2612 majores

180 2614 267 2672 etiam
282 2614 428 2671 habemus.
469 2614 499 2671 N
502 2634 547 2671 am
560 2634 660 2673 omues
674 2616 750 2673 idem
761 2616 906 2684 sentiunt;
927 2615 1002 2690 qdod
1022 2634 1058 2672 ex
1077 2616 1168 2673 omni·

179 2713 228 2751 um
241 2693 375 2768 precibus
388 2703 417 2750 et
430 2693 565 2769 lacrymis
586 2695 693 2752 sentire
716 2695 840 2771 potuisti.
882 2695 951 2765 Sed,
965 2694 1033 2769 quia
1052 2714 1109 2752 nou
1124 2705 1166 2752 est

177 2772 319 2829 stantibus
337 2772 471 2830 omnibus
491 2793 612 2831 necesse
632 2774 746 2843 dic-ere3
769 2792 786 2830 a
806 2793 852 2831 me
872 2772 950 2830 certe
973 2774 1031 2831 dici
1059 2774 1165 2846 volunt,
1180 2773 1216 2826 30

177 2851 226 2908 cui
246 2870 365 2908 necesse
387 2861 430 2908 est
452 2852 672 2926 quodammodo,
694 2861 723 2909 et
744 2850 821 2928 quod
844 2853 951 2921 volunt,
975 2862 1004 2909 et
1020 2850 1097 2928 qudd
1118 2854 1167 2909 de·

177 2938 233 3000 cet,
262 2939 291 2986 et
318 2928 395 3005 qubd
425 2929 481 3003 (M.
512 2929 654 2988 Marcello
684 2949 702 2987 a
734 2941 762 2988 te
784 2931 853 2988 huic
885 2930 979 2988 ordini
1007 2931 1166 3007 populoque

176 3007 311 3066 Romano
335 3018 364 3065 et
394 3009 560 3084 reipublice
590 3009 715 3087 reddito)
747 3007 904 3085 [precipue
933 3009 1001 3066 ida
1029 3029 1076 3066 me
1104 3009 1166 3066 lieri

176 3087 295 3166 debere]
307 3085 444 3163 intelligo.
486 3087 517 3144 N
519 3106 566 3144 am
579 3086 669 3145 lmtari
680 3107 789 3158 omnes,
800 3107 857 3145 non
872 3098 904 3145 ut
912 3089 948 3145 de
963 3089 1048 3145 unius
1062 3086 1165 3159 solbm,

176 3165 227 3222 sed
253 3175 285 3222 ut
311 3166 348 3222 de
375 3166 522 3223 communi
542 3165 672 3224 omnium
696 3166 798 3236 salute,
826 3166 935 3223 sentio:
966 3167 1041 3240 quod
1070 3177 1165 3223 autern
1179 3173 1214 3228 35

176 3262 294 3300 summte
322 3243 528 3301 benevolentia
549 3254 602 3315 est,
632 3242 709 3317 (quae
743 3263 809 3302 mea
835 3263 905 3320 erga
931 3245 1012 3301 illum
1032 3245 1166 3302 omnibus

177 3341 289 3397 semper
303 3331 372 3379 nota
385 3321 448 3392 fuit,
463 3331 495 3378 ut
508 3323 556 3379 vix
576 3322 611 3380 C.
627 3321 778 3393 Marcello,
792 3323 899 3398 optimo
920 3332 949 3380 et
971 3323 1167 3380 amantissimo

176 3400 267 3470 fratri,
281 3410 384 3475 prater
397 3419 464 3457 eum
477 3400 604 3476 quidem,
619 3401 753 3458 cederem
775 3400 899 3478 nemini)
920 3397 987 3457 cirin
1011 3401 1041 3457 id
1062 3401 1167 3457 sollici·

175 3479 286 3548 tudine,
315 3478 396 3548 curri,
424 3479 522 3536 labore
549 3478 661 3536 tamdiu
688 3479 880 3554 prestiterim,
893 3478 1031 3553 quamdiu
1058 3489 1103 3536 est
1129 3480 1166 3536 de

176 3556 254 3614 illius
282 3556 374 3614 salute
398 3557 571 3629 dubitatum,
592 3554 673 3614 certe
701 3557 757 3613 boc
777 3566 914 3635 tempore,
935 3556 1048 3632 magnis
1076 3557 1164 3628 curis,
1179 3563 1215 3617 tu

175 3634 323 3704 molestiis,
344 3635 489 3692 doloribus
508 3635 656 3706 liberatus,
684 3644 819 3709 prestare
849 3635 948 3692 debeo.
996 3634 1108 3711 Itaque,
1129 3636 1164 3694 C.

175 3714 284 3784 Cesar,
299 3713 342 3770 sic
362 3713 415 3770 tibi
436 3714 544 3790 gratias
558 3732 621 3789 ago,
637 3722 677 3783 ut,
691 3712 826 3769 omuibus
847 3732 894 3771 me
915 3713 1000 3771 rebus
1023 3725 1088 3771 ate
1108 3734 1165 3772 non

175 3801 343 3850 conservato
363 3789 466 3862 solbm,
487 3793 539 3849 sed
562 3792 650 3848 etiam
679 3800 789 3862 ornato,
817 3801 914 3850 tamen
942 3792 979 3849 ad
998 3803 1049 3850 tua
1068 3793 1099 3850 in
1119 3811 1166 3850 me

175 3888 266 3927 unum
280 3870 504 3928 innumerabilia
517 3869 629 3941 merita,
646 3867 735 3946 (quod
753 3869 816 3928 fieri
834 3870 894 3947 jam
913 3890 995 3948 posse
1015 3891 1073 3930 uon
1093 3872 1167 3930 arbi·

174 3948 285 4026 trabat)
300 3948 443 4008 maximus
457 3950 512 4009 hoc
525 3957 575 4009 tuo
588 3948 665 4008 facto
678 3948 812 4010 cumulus
825 3949 987 4009 accesserit
1179 3952 1216 4008 45
