2702 4464
363 289 501 341 ORATIO
522 289 592 339 PRO
615 289 714 341 REGE
735 288 931 341 DEIOTARO.
1148 287 1188 346 79

148 433 291 504 dubitare,
305 432 362 491 Oai
375 433 484 504 Caesar,
498 433 621 490 similem
635 433 677 490 illi
690 432 788 510 gloria
802 432 918 490 laudem
937 429 1025 507 qulam
1045 429 1139 506 saepis·

149 514 223 570 sime
236 531 372 587 quarere.
413 512 496 569 Nihil
510 522 554 569 est
567 512 645 569 enim
658 522 718 568 tam
739 512 883 587 populare,
898 509 985 586 qudm
1008 509 1137 567 bonitas:

150 591 232 648 nulla
244 591 280 648 de
295 591 446 648 virtutibus
459 591 517 647 tuis
529 590 659 666 plurimis
672 609 728 647 nec
749 590 943 647 admirabilior
962 607 1019 647 nec
1032 587 1139 664 gratior

151 669 348 726 misericordia
361 678 414 726 est.
456 669 598 726 Homines
611 668 689 724 enim
711 669 748 725 ad
769 667 848 725 Deos
868 667 948 725 nulli
971 687 1003 725 re
1023 663 1139 742 propius

153 749 306 818 accedunt,
320 745 407 822 quam
421 747 543 804 salutem
557 745 721 803 bominibus
734 746 838 803 dando.
879 745 962 803 Nihil
983 745 1070 803 habet
1083 762 1139 801 nec
1170 745 1189 799 5

153 826 329 883 fortunatus
342 824 434 901 majus
447 824 534 922 qudm
547 834 579 882 ut
588 825 688 900 possis,
697 844 753 882 nec
763 833 867 882 natura
878 833 930 881 tua
942 821 1140 898 meliusqudm

152 913 185 960 ut
198 903 278 973 velis,
292 923 406 961 servare
419 903 658 979 quamplurimos.
700 902 873 979 Longiorem
885 903 1043 960 orationem
1052 919 1141 959 causa

153 982 273 1039 forsitan
295 981 427 1057 postulat,
442 991 493 1038 tua
513 980 593 1038 certd
614 991 718 1038 natura
737 980 905 1037 breviorem.
944 979 1057 1051 Quare,
1072 977 1140 1038 clim

153 1059 252 1116 utilius
266 1079 329 1117 esse
344 1060 472 1130 arbitrer,
487 1069 516 1116 te
530 1060 632 1135 ipsum,
647 1056 734 1134 qudm
760 1067 810 1115 aut
830 1076 878 1114 me
899 1068 949 1114 aut
968 1076 1140 1133 quenquam,

152 1137 232 1212 loqui
246 1147 353 1208 tecum,
367 1138 454 1195 finem
464 1137 525 1213 jam
539 1137 662 1195 faciam:
682 1134 795 1194 tantiam
809 1146 838 1193 te
859 1136 951 1211 ipsum
972 1136 1141 1206 admonebo,
1156 1133 1192 1186 10

153 1215 179 1272 si
203 1215 245 1272 illi
266 1216 377 1274 absenti
400 1216 522 1273 salutem
544 1215 667 1288 dederis,
688 1215 877 1292 praesentibus
896 1214 942 1272 his
960 1215 1143 1272 omnibus-te

153 1294 297 1353 daturum.

533 1693 764 1773 ORATIO

258 1905 388 1981 PRO
432 1902 626 1981 REGE
657 1905 1039 1982 DEIOTARO.

544 2114 771 2126 ——n

197 2239 222 2296 Ι.
257 2239 339 2312 Cum,
354 2239 384 2297 in
397 2240 530 2298 omnibus
553 2240 649 2299 causis
669 2240 856 2318 gravioribus,
871 2241 927 2300 cai
940 2240 1049 2312 Caesar,
1064 2239 1146 2299 initio

158 2317 277 2375 dicendi
303 2319 475 2376 commoveri
505 2320 612 2377 soleam
638 2317 837 2378 vehementius
862 2320 949 2396 quam
969 2319 1080 2376 videtur
1100 2319 1145 2376 vel

158 2414 229 2452 usus
243 2396 286 2452 vel
301 2405 370 2453 aetas
383 2415 449 2461 mea
461 2398 620 2472 postulare;
641 2408 702 2455 tum
718 2399 747 2456 in
762 2399 818 2455 hac
832 2398 921 2456 causa
941 2398 983 2454 ita
995 2415 1042 2454 me
1056 2397 1145 2453 multa
1158 2393 1193 2447 15

158 2473 337 2549 perturbant,
352 2483 393 2545 ut,
407 2485 545 2550 quantum
558 2495 623 2534 mea
637 2477 707 2535 fides
721 2476 808 2534 studii
822 2477 893 2533 mihi
907 2475 1008 2533 afferat
1022 2476 1058 2532 ad
1072 2475 1146 2531 salu-

158 2562 218 2608 tem
232 2553 309 2628 regis
323 2552 453 2611 Deiotari
466 2554 686 2625 defendendam,
699 2565 813 2612 tantum
836 2553 981 2612 facultatis
994 2554 1078 2610 timor
1098 2554 1147 2611 de·

158 2632 260 2687 trahat.
315 2630 455 2703 Primum,
482 2632 548 2690 dico
566 2652 617 2708 pro
637 2634 731 2709 capite
751 2633 927 2709 fortunisque
953 2633 1049 2709 regis:
1070 2633 1145 2706 quod

158 2708 252 2784 ipsum
265 2710 319 2768 etsi
333 2729 390 2767 non
405 2710 535 2785 iniquum
549 2721 602 2782 est,
617 2712 647 2769 in
669 2721 719 2770 tuo
732 2714 871 2770 duntaxat
882 2712 1011 2788 periculo
1019 2731 1027 2780 ;
1048 2721 1145 2768 tamen

158 2797 201 2844 est
215 2787 255 2845 ita
268 2787 447 2859 inusitatum,
461 2809 560 2866 regem
575 2789 677 2866 eapitis
690 2809 771 2848 reum
785 2809 858 2862 esse,
872 2801 904 2848 ut
918 2800 985 2848 ante
1005 2791 1061 2848 hoc
1074 2800 1145 2848 tem·
1157 2794 1194 2847 20

128 2904 132 2910 -
157 2884 212 2941 pus
231 2886 288 2924 non
308 2866 346 2924 sit
366 2866 505 2925 auditum.
557 2868 682 2939 Deinde,
702 2887 769 2926 eum
795 2888 903 2946 regem,
931 2888 1017 2944 quem
1043 2887 1145 2926 ornare

159 2953 244 3001 antea
258 2955 364 3003 cuncto
378 2964 445 3002 cum
457 2955 563 3003 senatu
577 2946 714 3018 solebam,
727 2967 779 3024 pro
798 2948 942 3024 perpetuis
962 2947 1025 3025 ejus
1039 2947 1069 3005 in
1082 2967 1146 3006 nos-

158 3031 232 3078 tram
245 3023 454 3098 rempublicam
468 3023 587 3095 meritis,
597 3044 686 3095 nunc,
696 3036 796 3084 contra
806 3026 1015 3084 atrocissimum
1024 3026 1145 3096 crimen,

159 3119 245 3176 cogor
259 3101 423 3159 defendere.
465 3103 602 3174 Accedit,
616 3113 649 3160 ut
672 3115 872 3163 accusatorum
894 3105 1010 3163 alterius
1024 3105 1147 3163 crudeli-

158 3188 228 3248 tate,
249 3178 366 3236 alterius
386 3180 569 3257 indignitate,
597 3183 774 3240 conturben-
799 3183 955 3240 Crudelem
976 3183 1144 3240 Castorem!
1158 3182 1194 3234 25

158 3276 197 3314 ne
211 3256 307 3314 dicam
321 3258 494 3315 sceleratum
508 3269 537 3316 et
551 3259 686 3335 impium;
708 3261 758 3335 qui
778 3280 867 3336 nepos
889 3279 973 3317 avum
997 3261 1027 3317 in
1047 3259 1147 3316 discri-

158 3353 226 3392 men
240 3335 343 3411 capitis
357 3337 517 3407 adduxerit,
532 3339 789 3413 adolescentiaeque
809 3358 868 3395 suae
888 3347 1025 3395 terrorem
1045 3336 1148 3393 intule-

92 3467 101 3486 ,
158 3412 197 3472 rit
216 3412 244 3470 ei
264 3414 346 3490 cujus
366 3424 545 3473 senectutem
565 3417 639 3475 tueri
659 3426 689 3475 et
708 3427 806 3493 tegere
826 3416 965 3484 debebat3
1004 3432 1148 3472 commen·

159 3491 362 3566 dationemque
376 3492 502 3550 ineuntis
516 3495 607 3552 aetatis
621 3496 658 3551 ab
671 3494 817 3570 impietate
841 3503 870 3551 et
893 3494 1002 3551 scelere
1016 3492 1144 3561 duxerit3

160 3570 206 3627 avi
226 3588 349 3642 servum,
377 3581 542 3647 corruptum
563 3573 698 3648 praemiis,
720 3573 756 3629 ad
784 3572 978 3629 accusandum
1000 3570 1146 3629 dominum
1160 3570 1195 3624 30

159 3647 314 3723 impulerit,
338 3659 367 3706 et
389 3669 406 3706 a
427 3649 585 3725 legatorum
607 3651 730 3727 pedibus
751 3650 908 3708 abduxerit.
950 3649 1078 3727 Fugitivi
1099 3669 1148 3707 nu·

158 3736 228 3796 tem,
243 3725 391 3784 dominum
402 3729 576 3800 accusantis,
587 3740 616 3787 et
625 3730 772 3787 dominum
787 3729 945 3800 absentem,
960 3739 989 3788 et
999 3729 1147 3787 dominum

159 3803 366 3863 amicissimum
380 3816 483 3865 nostre
497 3808 673 3886 reipublice,
687 3805 755 3867 clim
769 3826 801 3866 os
820 3807 963 3882 videbam,
978 3806 1047 3868 clam
1060 3809 1148 3868 verba
