2658 4468
166 372 224 431 160
452 366 589 420 ORATIO
611 368 649 419 IN
671 369 708 417 M.
731 367 937 418 ANTONIUM.
960 412 975 442 ο

213 512 379 570 laciendum
394 530 452 569 non
466 520 568 588 potest,
583 531 621 570 ne
643 520 737 569 metus
749 511 866 585 quidem
890 529 907 568 a
929 509 1094 567 soedissimis
1119 508 1208 565 sactis

212 600 306 666 potest
320 592 462 648 avocaret
504 591 620 648 Judicia
635 610 693 648 non
713 589 825 646 metuis.
867 590 900 647 Si
913 597 1028 665 propter
1041 587 1209 645 innocenti·

214 687 270 738 am,
285 668 385 726 laudo:
414 669 439 726 si
462 679 575 745 propter
589 669 656 739 vim,
671 687 729 725 non
752 667 899 744 intelligis,
920 669 959 739 ei,
972 667 1022 742 qui
1043 665 1208 724 istomodo

216 747 328 823 judicia
342 766 399 804 non
414 748 524 818 timeat,
538 748 607 822 quid
622 747 784 805 timendum
798 746 852 804 sitl

181 829 200 882 δ
252 823 344 887 Quod
365 826 462 883 sinon
483 827 588 883 metuis
602 825 675 883 viros
696 825 793 895 fortas,
813 825 1000 901 egregiosque
1022 823 1111 893 cives,
1125 820 1205 898 qudd

214 923 365 979 acorpore
385 915 435 961 tuo
454 905 642 979 prohibentur
663 903 763 973 armis3
788 904 830 960 tui
844 913 882 972 te,
897 903 967 960 mihi
982 903 1079 973 crede,
1094 902 1205 958 diutius

213 1001 271 1039 non
287 983 388 1040 ferent.
438 982 516 1044 Qua
539 993 583 1040 est
607 992 703 1040 autem
723 981 791 1052 vita,
813 982 875 1038 dies
895 992 924 1038 et
945 991 1045 1038 noctes
1065 981 1167 1037 timere
1187 1000 1206 1037 a

214 1062 294 1118 suisl
316 1061 371 1118 nisi
385 1060 453 1119 vero
466 1073 515 1119 aut
525 1062 681 1137 majoribus
694 1060 784 1122 habea
795 1059 944 1117 beneficiis
954 1060 1105 1135 obligatos,
1117 1057 1203 1134 qudm

215 1139 263 1196 ille
277 1141 416 1215 quosdam
436 1140 536 1197 habuit
556 1159 593 1198 ex
612 1140 689 1210 iis,a
708 1139 813 1213 quibus
832 1149 878 1195 est
890 1138 1075 1208 intersectus;
1109 1148 1158 1194 aut
1172 1149 1204 1194 tu

166 1215 200 1269 10
215 1237 247 1276 es
271 1218 329 1275 ulla
353 1237 384 1275 re
408 1236 474 1274 cum
499 1237 535 1276 eo
556 1218 775 1293 comparandus.
818 1216 886 1273 Fuit
911 1217 940 1273 in
965 1216 1014 1275 illo
1041 1216 1201 1293 ingenium,

214 1296 297 1366 ratio,
311 1296 459 1366 momoria,
480 1296 580 1367 litera,
603 1315 682 1367 cura,
705 1295 851 1371 cogitatio,
872 1295 1039 1371 diligentia:
1068 1314 1114 1351 res
1129 1295 1203 1352 bello

213 1384 352 1450 gesserat,
373 1373 503 1449 quamvis
522 1374 689 1449 reipublicae
710 1374 901 1443 calamitosas,
924 1384 1050 1430 attamen
1065 1392 1202 1448 magnas:

214 1452 319 1508 multos
341 1470 431 1508 annos
454 1471 576 1528 regnare
596 1453 761 1523 meditatus,
775 1471 881 1529 magno
901 1452 1008 1522 labore,
1023 1453 1136 1528 magnis
1155 1470 1204 1526 pe·

215 1529 324 1600 riculis,
344 1530 419 1605 quod
441 1532 592 1607 cogitarat,
613 1532 765 1589 effecerat:
800 1530 977 1600 muneribus,
999 1530 1202 1601 monumentis,

166 1611 200 1665 1⁵
215 1608 380 1685 congiariis,
408 1610 510 1685 epulis,
539 1610 753 1667 multitudinem
774 1609 935 1683 imperitam
962 1609 1102 1666 lenierat:
1137 1627 1203 1665 suos

214 1687 349 1762 praemiis,
378 1687 555 1745 adversarios
583 1689 744 1746 clementias
771 1688 878 1764 specie,
899 1688 1074 1744 devinxerat.
1120 1687 1203 1749 Quid

215 1765 325 1822 multal
357 1766 491 1823 attulerat
514 1767 573 1842 jam
594 1767 692 1824 liberae
720 1768 838 1839 civitati,
859 1766 963 1841 partim
990 1775 1079 1837 metu,
1100 1767 1204 1842 partim

214 1843 364 1918 patientiis,
379 1845 619 1902 consuetudinem
633 1845 785 1903 serviendi.

254 1920 366 1980 XLVI.
407 1923 482 1980 Cum
505 1923 553 1981 illo
573 1943 628 2001 ego
654 1935 683 1981 te
703 1923 873 1981 dominandi
893 1922 1052 1998 cupiditate
1073 1924 1203 1981 conferre

164 1998 201 2052 w
214 2018 346 2075 possum;
371 2002 484 2059 caeteris
510 1999 578 2060 verb
598 2004 685 2060 rebus
709 2003 789 2061 nullo
815 2002 900 2059 modo
926 2021 958 2059 cs
985 1998 1206 2077 comparandus(

216 2078 285 2149 Sed,
296 2097 333 2135 ex
345 2080 476 2155 plurimis
487 2082 580 2152 malis,
589 2100 652 2156 quaa
667 2081 763 2139 abillo
775 2081 942 2156 reipublicae
953 2090 1020 2137 sunt
1033 2080 1139 2151 inusta,
1149 2083 1204 2138 hoc

215 2165 312 2214 umen
327 2158 394 2216 boni
408 2169 461 2230 est,
475 2158 552 2236 quod
567 2161 669 2217 didicit
679 2160 739 2236 jam
753 2161 875 2236 populus
888 2159 1051 2230 Romanoa,
1065 2164 1204 2235 quantum
1311 2202 1312 2231 3

216 2236 321 2311 cuique
342 2238 483 2310 crederet,
504 2240 607 2315 quibus
628 2258 659 2295 se
679 2240 881 2309 committeret,
907 2257 924 2295 a
950 2239 1054 2313 quibus
1081 2248 1196 2295 caveret
1241 2297 1243 2301 Α

216 2313 290 2371 Haec
304 2315 390 2391 igitur
404 2336 461 2374 non
477 2317 610 2394 cogitasl
630 2336 686 2374 nec
707 2317 853 2393 intelligis,
869 2317 938 2373 satis
957 2335 1021 2373 esse
1042 2317 1109 2373 viris
1130 2317 1205 2374 forti·

165 2398 202 2452 25
216 2392 270 2450 bus
283 2394 429 2466 didicisse,
443 2394 529 2472 quim
550 2396 587 2453 sit
599 2415 631 2453 re
650 2398 814 2472 pulchrum,
830 2395 972 2453 beneficio
990 2407 1114 2471 gratum,
1130 2396 1205 2452 sama

214 2471 380 2546 gloriosum,
391 2485 545 2549 tyrannum
558 2474 712 2532 occideret
753 2477 813 2545 An,
825 2472 893 2531 oiim
907 2473 987 2531 illum
1002 2475 1134 2532 homines
1148 2494 1204 2531 non

215 2550 343 2622 tulerint,
357 2564 386 2609 te
407 2553 520 2610 ferenti
560 2553 701 2611 Certatim
721 2555 842 2629 posthac
864 2551 1070 2632 (mihicrede)
1094 2554 1129 2609 ad
1151 2554 1205 2610 hoc

214 2646 287 2702 opus
301 2642 449 2701 curretur3
470 2651 527 2688 nec
540 2633 704 2689 occasionis
716 2633 836 2690 tarditas
849 2632 1071 2706 exspectabitur.

256 2707 395 2783 Respice,
409 2729 516 2783 quaeso,
532 2710 685 2784 aliquando
706 2710 924 2786 rempublicam,
939 2709 980 2766 M.
996 2709 1125 2767 An‘toni:
1146 2709 1205 2784 qui·

166 2785 203 2840 80
216 2782 270 2841 bus
289 2797 369 2843 ortus
389 2788 438 2857 sis,
452 2807 511 2844 non
531 2790 704 2862 quibuscum
725 2789 814 2859 vivas,
835 2789 1005 2846 considera:
1027 2807 1153 2858 mecum,
1174 2798 1204 2845 ut

216 2863 309 2932 voles;
331 2883 399 2921 cum
420 2866 570 2940 republicd
589 2868 652 2924 redi
673 2868 704 2924 in
725 2868 856 2944 gratiam.
899 2868 956 2925 Sed
978 2867 1014 2923 de
1041 2878 1070 2925 te
1090 2878 1122 2923 tu
1145 2867 1203 2942 ipse

215 2942 337 2999 videris:
369 2963 424 3019 ego
444 2944 481 3000 de
501 2963 548 3001 me
568 2945 630 3021 ipso
648 2947 809 3022 profitebor.
851 2946 976 3003 Defendi
998 2946 1204 3022 rempublicam

133 3026 137 3035 “
217 3020 402 3092 adolescens;
424 3042 483 3079 non
495 3023 625 3081 deseram
634 3045 739 3082 senex:
761 3025 922 3101 contempsi
931 3025 1066 3082 Catilinae
1077 3024 1203 3101 gladios;

216 3117 276 3156 non
290 3101 492 3175 pertimescam
508 3112 581 3160 tuos.
622 3105 808 3166 Quinetiam
830 3123 933 3180 corpus
954 3104 1077 3161 libenter
1098 3103 1205 3161 obtule·

166 3184 203 3241 35
216 3178 281 3250 rim,
301 3180 325 3236 si
346 3182 544 3257 repraeseutari
565 3194 656 3241 morte
677 3183 742 3240 med
763 3183 880 3240 libertas
900 3183 1024 3240 civitatis
1044 3193 1153 3256 potest;
1175 3190 1206 3238 ut

217 3259 371 3333 aliquando
385 3261 464 3318 dolor
485 3262 582 3337 populi
596 3262 724 3318 Romani
744 3262 847 3337 pariat,
862 3262 937 3335 quod
949 3260 1060 3336 jamdiu
1074 3261 1203 3335 parturit,

216 3336 334 3396 Etenim
355 3341 389 3411 si,
405 3340 512 3398 abhinc
534 3359 625 3398 annos
644 3339 733 3416 propd
755 3340 865 3416 viginti,
881 3341 937 3397 hoc
957 3340 1019 3415 ipso
1040 3340 1070 3396 in
1090 3338 1205 3413 templo,

216 3420 321 3493 negavi
331 3439 412 3494 posse
422 3435 542 3477 mortem
554 3419 737 3476 immaturam
747 3439 810 3476 esse
820 3418 981 3487 consulari3
996 3427 1104 3492 quanto
1112 3415 1206 3473 veritis

217 3513 297 3553 nunc
307 3499 429 3573 negaba,
444 3498 528 3555 senil
570 3497 645 3555 Mihi
657 3495 735 3567 verb,
747 3497 847 3555 Patres
858 3497 1034 3572 Conscripti,
1046 3496 1106 3572 jam
1121 3496 1207 3553 etiam

167 3576 203 3631 40
216 3577 342 3649 optanda
362 3596 438 3645 mors
458 3586 511 3646 est,
532 3577 684 3652 perfuncto
711 3577 797 3633 rebus
821 3576 866 3646 iis,
888 3594 958 3651 quas
984 3576 1107 3650 adeptus
1134 3593 1206 3644 sum,

217 3671 342 3726 quasque
356 3655 441 3729 gessi.
464 3655 531 3712 Duo
545 3654 631 3712 modo
644 3656 706 3711 haec
720 3666 802 3730 opto:
825 3674 925 3724 unum,
937 3665 968 3710 ut
982 3654 1108 3711 moriens
1121 3672 1209 3728 popu·

217 3729 275 3786 lum
298 3731 464 3789 Romanum
485 3734 608 3790 liberum
629 3734 803 3809 relinquam3
825 3734 881 3790 hoc
902 3733 972 3789 mihi
994 3733 1087 3808 majus
1108 3750 1125 3788 a
1146 3731 1208 3788 Diis

218 3805 426 3865 immortalibus
436 3812 498 3867 dari
512 3810 583 3866 nihil
597 3821 705 3885 potest:
728 3811 859 3882 alterum,
871 3821 902 3868 ut
916 3812 956 3868 ita
969 3811 1074 3886 cuique
1085 3810 1208 3883 eveniat,

216 3890 249 3939 ut
262 3883 299 3939 de
312 3886 461 3962 republica
475 3888 594 3969 quisque
608 3898 760 3946 mereatur.
