2702 4464
140 313 181 372 66
425 308 563 360 ORATIO
584 308 655 359 PRO
677 308 715 358 M.
737 305 946 357 MARCELLO.

146 488 149 503 ·
189 472 238 511 um
252 452 357 530 tagini
375 471 499 511 vacuum
524 452 554 510 in
575 451 654 510 Urbe
675 470 733 509 nou
756 449 887 507 vidimus.
927 448 1014 510 Quos
1029 446 1178 505 amisimus

190 531 277 602 cives,
291 551 341 588 eos
355 531 458 589 Martis
472 531 515 588 vis
538 530 671 607 perculit,
686 549 744 586 uon
766 530 809 585 ira
823 527 969 597 victoriae;
992 538 1024 583 ut
1045 528 1177 583 dubitare

189 611 294 667 debeat
308 629 402 680 nemo,
413 609 483 685 quin
498 610 611 679 multos,
622 609 646 665 si
661 608 723 665 fieri
736 616 841 682 posset,
856 606 891 663 C.
906 605 1006 662 Caesar
1027 605 1063 661 ab
1077 605 1177 662 inferis

189 688 341 758 excitarem
362 688 498 762 quoniam
524 707 561 745 ex
587 688 688 744 eidem
717 686 779 743 acie
800 695 960 753 conservat,
983 703 1054 758 quos
1075 693 1175 758 potest.

157 767 319 824 5Alterius
342 765 409 823 verb
433 766 531 841 partis,
553 765 626 822 nihil
652 764 774 840 amplius
795 763 903 832 dicam,
927 759 1012 837 qudm
1030 759 1083 838 (id,
1097 762 1174 837 quod

189 864 290 902 omnes
303 845 484 923 verebamur)
500 845 586 901 nimis
600 844 770 901 iracundam
784 842 908 900 futuram
919 841 1007 899 fuisse
1018 840 1174 897 victoriam.

189 923 320 984 Quidam
334 923 421 992 enim,
437 942 494 980 non
516 921 602 980 modo
626 922 751 991 armatis,
776 922 827 977 sed
851 920 996 976 interdurn
1020 919 1108 975 etiam
1121 918 1175 975 oti·

189 1002 257 1070 osis,
271 1002 473 1058 minabantur:
495 1020 560 1070 nec,
574 1001 643 1076 quid
654 1001 773 1075 quisque
784 999 930 1068 sensisset,
943 998 994 1054 sed
1003 996 1053 1053 ubi
1064 996 1174 1067 luisset,

190 1081 376 1155 cogitandum
397 1099 461 1136 esse
483 1079 637 1148 dicebant;
659 1089 691 1135 ut
714 1078 785 1138 mihi
806 1077 923 1152 quidem
951 1076 1102 1132 videantur
1123 1074 1174 1132 Dii

142 1161 176 1214 10
191 1158 375 1228 immortales,
400 1157 500 1232 (etiam
522 1157 546 1214 si
568 1176 700 1232 poenasa
723 1157 828 1232 populo
849 1155 985 1212 Romano
997 1154 1035 1211 ob
1060 1153 1174 1228 aliquod

190 1237 329 1294 delictum
342 1236 550 1311 expetiverunt,
564 1235 612 1309 qui
635 1234 718 1291 civile
743 1234 849 1291 bellum
873 1243 985 1289 tantum
999 1241 1099 1289 ettam
1114 1231 1175 1288 luc-

191 1323 304 1371 tuosum
318 1313 521 1391 excitaverint)
550 1313 593 1369 vel
616 1313 722 1387 placati
734 1312 805 1386 jam,
827 1311 872 1368 vel
894 1311 989 1368 satiati
1011 1310 1173 1383 aliquando,

190 1411 306 1449 omnem
325 1410 405 1467 spem
426 1391 526 1448 salutis
553 1391 590 1450 ad
614 1391 796 1448 clementiam
821 1390 939 1448 victoris
960 1399 989 1446 et
1004 1388 1174 1464 sapientiam

192 1470 356 1527 contulisse.

143 1552 177 1607 15
229 1547 332 1609 Quare
345 1548 439 1624 gaude
453 1559 503 1606 tuo
517 1548 571 1606 isto
583 1561 641 1606 tam
655 1547 809 1605 excellenti
823 1547 916 1616 bono;
938 1555 968 1603 et
988 1544 1091 1617 fruere,
1106 1541 1175 1601 curn

192 1626 306 1684 fortuna
316 1642 345 1683 et
357 1626 458 1702 gloriis,
473 1637 534 1684 tum
548 1628 635 1683 etiam
649 1626 752 1683 naturai
773 1637 802 1683 et
822 1626 949 1683 moribus
962 1624 1038 1694 tuis3
1059 1643 1095 1680 ex
1115 1641 1174 1698 quo

191 1704 308 1779 quidem
321 1706 462 1761 maximus
473 1716 516 1762 est
530 1706 640 1762 fructus
652 1705 875 1780 jucunditasque
889 1703 1020 1778 sapienti.
1062 1702 1175 1759 Caetera

192 1781 261 1840 edm
275 1793 324 1840 tua
337 1784 535 1854 recordabere‚
549 1784 603 1840 etsi
623 1802 749 1858 persaepe
770 1783 877 1852 virtuti,
891 1792 988 1838 tamen
1008 1781 1176 1856 plerumque

193 1861 333 1931 felicitati,
348 1871 404 1918 tuae
428 1862 674 1938 congratulabere.
715 1862 761 1918 De
785 1861 877 1932 nobis,
891 1879 962 1935 quos
984 1859 1014 1916 iu
1028 1857 1176 1934 republica

142 1952 180 2005 20
193 1949 289 1997 tecum
303 1939 387 1996 simul
409 1940 501 1996 salvos
514 1960 577 1998 esse
597 1940 722 2011 voluisti,
736 1940 848 2016 quoties
869 1937 1019 2013 cogitabis,
1033 1938 1117 1994 toties
1138 1937 1175 1993 de

193 2018 324 2074 maximis
333 2018 390 2075 tuis
399 2018 557 2089 beneficiis,
566 2019 650 2075 toties
663 2020 699 2075 de
713 2017 877 2084 incredibili
897 2016 1078 2086 liberalitate,
1092 2014 1177 2071 toties

193 2097 229 2153 de
243 2095 381 2172 singulari
395 2096 536 2172 sapientia
549 2097 610 2166 tui,
622 2097 779 2173 cogitabis:
800 2115 864 2171 quae
877 2114 936 2152 non
960 2093 1047 2151 modb
1062 2111 1176 2151 summa

193 2175 278 2245 bona,
305 2176 356 2231 sed
383 2175 519 2232 nimirum
546 2176 658 2232 audebo
679 2176 724 2232 vel
751 2174 812 2232 sola
834 2175 942 2231 dicere.
991 2172 1107 2229 Tantus
1133 2181 1177 2227 est

193 2254 270 2310 enim
284 2253 418 2327 splendor
432 2254 462 2310 in
476 2254 561 2311 laude
575 2254 652 2324 verti,
666 2264 747 2311 tanta
768 2254 797 2310 iu
821 2251 1020 2329 magnitudine
1040 2249 1128 2307 animi
1147 2259 1178 2305 et
1207 2295 1208 2298 ,

143 2341 180 2396 25
194 2332 307 2389 consilii
320 2332 456 2408 dignitas,
471 2342 503 2389 ut
521 2333 584 2389 haec
600 2333 733 2389 avirtute
754 2333 870 2403 donata,
895 2340 1001 2387 caetera
1023 2348 1040 2386 a
1063 2327 1177 2386 fortuni

194 2411 375 2468 commodata
388 2430 451 2468 esse
466 2411 625 2468 videantur.
666 2410 735 2468 Noli
757 2411 843 2487 igitur
857 2410 886 2466 in
902 2408 1108 2466 conservandis
1128 2407 1177 2464 bo·

193 2488 239 2544 nis
259 2489 326 2545 viris
347 2488 507 2565 defatigari,
532 2509 590 2547 non
612 2490 769 2564 cupiditate
789 2488 945 2564 prasertim
967 2497 1015 2543 aut
1038 2486 1178 2561 pravitate

194 2567 290 2641 aliqud
310 2567 407 2642 lapsis,
421 2568 473 2624 sed
494 2567 629 2643 opinione
652 2568 752 2630 officii,
767 2567 854 2623 stulta
875 2566 1004 2637 sortasse,
1019 2563 1097 2623 certe
1119 2582 1177 2620 non

194 2643 333 2718 improba,
348 2646 487 2719 etgspecie
500 2646 624 2719 quadam
646 2646 820 2720 reipublicae.
861 2643 930 2701 Non
951 2644 1028 2701 enim
1049 2654 1100 2700 tua
1119 2642 1179 2699 ulla

144 2734 181 2790 30
195 2722 281 2796 culpa
301 2731 354 2791 est,
376 2722 401 2778 si
424 2732 453 2779 te
476 2722 563 2797 aliqui
589 2723 764 2779 timuerunt:
787 2721 953 2797 contrdque,
973 2740 1085 2779 summa
1105 2721 1177 2792 laus,

194 2797 270 2875 qubd
285 2799 413 2874 plerique
427 2799 547 2857 minimis
562 2800 725 2857 timendum
736 2801 823 2859 fuisse
837 2812 998 2858 senserunt.
1122 2848 1124 2855 ,

236 2875 306 2933 VII.
328 2876 418 2935 Nunc
440 2876 509 2935 verb
532 2879 615 2935 venio
630 2880 665 2935 ad
679 2880 877 2955 gravissimam
891 2879 1047 2954 querelam,
1062 2886 1091 2934 et
1105 2886 1180 2934 atro·

196 2955 341 3013 cissimam
356 2956 548 3031 suspicionem
563 2967 659 3026 tuam;
680 2977 743 3032 quae
757 2977 814 3015 non
824 2958 877 3015 tibi
891 2958 945 3033 ipsi
964 2956 1066 3033 magis,
1080 2954 1177 3030 quiam,

195 3032 264 3092 ciam
275 3034 409 3091 omnibus
423 3034 545 3105 civibus,
559 3045 619 3092 turn
635 3035 760 3093 maximd
772 3036 865 3108 nobis,
876 3036 925 3112 qui
941 3054 957 3092 a
971 3045 1000 3092 te
1017 3033 1178 3092 conservati

145 3125 181 3181 35
195 3132 305 3183 sumus,
318 3113 495 3187 providenda
514 3123 573 3170 est:
594 3133 680 3189 quam
707 3115 761 3172 etsi
788 3134 870 3190 spero
892 3133 955 3171 esse
980 3114 1090 3182 salsam,
1105 3131 1178 3169 nun·

195 3210 280 3267 quam
308 3201 405 3248 tamen
430 3192 524 3249 verbis
546 3194 718 3251 extenuabo.
767 3194 836 3251 Tua
861 3194 939 3250 enim
964 3192 1062 3250 cautio
1081 3201 1179 3248 nostra

195 3269 292 3328 cautio
305 3279 365 3338 est;
388 3280 429 3340 ut,
444 3270 469 3327 si
490 3271 521 3328 in
546 3272 681 3330 alterutro
702 3272 884 3348 peccandum
908 3272 955 3341 sit,
968 3270 1067 3327 malim
1088 3269 1178 3327 videri

195 3349 281 3406 nimis
294 3349 422 3420 timidus,
436 3346 522 3424 quiam
537 3368 637 3425 parum
661 3351 797 3426 prudens.
839 3351 898 3408 Sed
919 3350 1051 3426 quisnam
1066 3359 1110 3405 est
1125 3348 1178 3405 iste

194 3438 253 3484 tam
267 3428 407 3484 demensl
428 3429 464 3485 de
478 3428 595 3486 tuisnel
616 3429 730 3487 tametsi
752 3429 802 3505 qui
823 3429 915 3505 magis
938 3439 1006 3485 suut
1026 3427 1078 3498 tui,
1092 3424 1178 3501 quam

145 3505 181 3561 to
195 3506 299 3581 quibus
312 3516 344 3563 tu
358 3505 479 3564 salutern
499 3507 712 3583 insperantibus
732 3507 902 3565 reddidistil
924 3526 960 3563 an
981 3525 1018 3564 ex
1031 3525 1066 3563 eo
1080 3524 1180 3562 nume·

195 3603 236 3653 ro,
251 3584 300 3658 qui
323 3586 382 3642 uni
405 3597 501 3644 tecum
524 3587 662 3645 fueruntl
703 3585 771 3645 Non
796 3596 840 3644 est
861 3585 1008 3643 credibilis
1030 3595 1128 3642 tantus
1148 3583 1178 3640 iu

196 3662 254 3719 ullo
275 3661 362 3734 furor,
377 3673 418 3734 ut,
441 3684 498 3738 quo
519 3665 594 3722 duce
615 3665 714 3723 omnia
734 3683 848 3722 summa
869 3664 906 3722 sit
933 3664 1064 3739 adeptus,
1092 3662 1179 3738 hujus

195 3741 283 3797 vitam
297 3760 354 3798 non
370 3751 525 3817 anteponat
539 3762 607 3800 suae.
650 3742 728 3834 [At]
745 3744 818 3801 situi
829 3743 901 3802 nihil
915 3742 1043 3819 cogitant
1052 3740 1178 3809 sceleris,

162 3844 169 3851 ¹
196 3819 357 3878 cavendum
380 3829 434 3892 est,
461 3839 498 3878 ne
524 3821 593 3897 quid
619 3821 738 3881 inimici.
779 3823 863 3885 uuit
883 3840 985 3879 omnes
1011 3819 1101 3892 enim,
1129 3818 1179 3895 qui
