2702 4464
164 367 205 426 76
400 385 404 393 ·
465 363 600 412 ORATIO
622 361 692 411 PRO
713 362 746 420 Q.
769 361 931 411 LIGARIO.

211 504 371 565 venissetis.
412 506 541 564 Venistis
572 505 609 563 ad
641 504 817 581 Pompeium.
857 501 935 566 Quae
965 512 1009 560 est
1038 521 1119 578 ergo
1153 502 1222 561 haec

214 586 290 661 apud
316 585 462 642 Caesarem
482 585 608 659 querela,
629 582 698 641 clim
721 602 788 640 eum
811 582 965 653 accusatis,
987 601 1004 639 a
1024 600 1088 656 quo
1110 599 1222 656 quera-

213 664 285 721 mini
298 682 347 720 vos
360 662 514 739 prohibitos
535 672 635 720 contra
654 661 800 719 Caesarem
818 662 925 718 bellum
939 661 1065 736 gereret
1113 661 1221 733 Atque

214 742 245 799 in
265 743 320 798 boc
333 743 459 817 quidem,
473 742 517 799 vel
539 760 606 798 cum
626 740 779 797 mendacio
798 739 823 796 si
843 738 929 796 vultis
948 738 1080 815 gloriari,
1095 757 1153 813 per
1169 756 1220 794 me

141 820 145 825 ’
181 820 292 891 ὄΙίοεῑ,
317 839 365 878 vos
384 819 561 896 provinciam
583 819 670 876 fuisse
696 817 806 876 Caesari
835 817 999 888 tradituros,
1021 816 1120 873 etiam
1146 815 1174 872 si
1201 834 1220 873 a

214 899 293 955 Varo
313 908 342 956 et
361 899 532 973 quibusdam
553 898 617 955 aliis
635 896 771 973 prohibiti
791 896 909 954 essetis:
929 915 984 972 ego
1002 904 1106 952 autem
1122 894 1219 951 confi·

214 977 294 1034 tebor
315 977 429 1053 culpam
449 996 512 1035 esse
538 975 659 1053 Ligarii,
679 976 797 1051 quivos
819 984 906 1032 tantae
932 973 1026 1031 laudis
1045 973 1218 1031 occasione

212 1066 373 1132 prrvaverrt.

254 1133 309 1191 IX.
341 1134 400 1191 Sed
419 1133 494 1204 vide,
515 1152 621 1208 queso,
635 1132 670 1190 Ο.
685 1132 794 1203 Caesar,
814 1130 1006 1189 constantiam
1025 1128 1215 1187 ornatissimi

165 1212 277 1282 leviri,
298 1212 332 1270 L.
354 1213 536 1269 Tuberonis:
563 1230 649 1286 quam
669 1230 733 1287 ego,
754 1210 883 1285 quamvis
903 1209 963 1286 ipse
986 1209 1157 1284 probarem,
1182 1216 1216 1264 ut

212 1291 310 1368 probo,
324 1300 421 1348 tamen
441 1310 499 1347 non
519 1307 782 1359 commemorarem,
796 1287 852 1345 nisi
873 1306 891 1344 a
909 1297 939 1345 te
958 1287 1166 1363 cognovissem
1182 1285 1216 1342 in

213 1369 313 1445 primis
326 1387 390 1425 eam
404 1368 537 1425 virtutem
550 1367 641 1424 solere
653 1367 774 1424 laudari.
814 1366 891 1427 Quae
906 1366 959 1423 fuit
972 1366 1058 1442 igitur
1074 1382 1215 1439 unquam

214 1447 246 1504 in
265 1447 326 1504 ullo
344 1446 459 1504 bomine
478 1456 559 1503 tanta
578 1446 761 1503 constantial
802 1445 1002 1502 Constantiam
1021 1444 1113 1500 dicol
1145 1462 1214 1498 nes-

215 1524 271 1595 cio,
286 1544 323 1582 an
337 1522 441 1582 melitis
454 1523 621 1600 patientiam
634 1524 740 1598 possim
753 1523 860 1580 dicere.
899 1523 1016 1584 Quotus
1029 1522 1112 1578 enim
1129 1520 1213 1578 istud

167 1602 201 1657 15
215 1604 334 1678 quisque
355 1603 480 1673 fecisset,
495 1613 536 1673 ut,
551 1621 569 1660 a
588 1602 692 1677 quibus
712 1602 742 1659 in
762 1602 940 1660 dissensione
960 1600 1038 1658 civili
1052 1620 1114 1657 non
1130 1608 1213 1656 esset

214 1692 347 1758 receptus
371 1691 504 1756 essetque
531 1681 619 1738 etism
647 1699 714 1738 cum
741 1680 911 1740 crudelitate
937 1678 1071 1755 rejectus,
1094 1679 1136 1735 ad
1158 1697 1211 1735 eos

214 1760 289 1836 ipsos
303 1760 429 1817 rediretl
459 1759 562 1836 Magni
582 1759 732 1835 cujusdam
753 1759 852 1830 animi,
865 1769 951 1834 atque
970 1758 1032 1834 ejus
1045 1757 1101 1814 viri
1117 1766 1209 1826 esset,

214 1858 300 1914 quem
320 1839 356 1896 de
376 1837 509 1913 suscepti
529 1837 628 1909 causi,
647 1838 846 1914 propositique
865 1836 1017 1907 sententiis,
1032 1836 1115 1893 nulla
1138 1854 1210 1892 con·

214 1917 344 1987 tumelia,
358 1916 438 1974 nulla
451 1916 503 1987 vis,
517 1917 627 1974 nullum
640 1916 810 1992 periculum,
824 1925 918 1991 posset
931 1915 1082 1990 depellere.

164 1993 201 2048 2⁰
254 1995 294 2053 Ut
304 1995 382 2053 enim
392 2004 497 2052 caetera
509 1994 590 2070 paria
604 1994 754 2053 Tuberoni
768 2014 835 2052 cum
848 1994 927 2051 Varo
941 1993 1077 2061 fuissent;
1100 1993 1207 2062 honos,

215 2074 358 2144 nobilitas,
373 2073 514 2149 splendor,
529 2073 687 2152 ingenium,
706 2092 769 2148 quae
787 2072 970 2148 nequiquam
990 2071 1125 2141 suerunt3
1149 2072 1209 2128 hcc

215 2150 299 2211 certe
314 2152 490 2228 praecipuum
511 2151 675 2209 Tuberonis
695 2151 758 2222 fuit,
773 2152 848 2226 quod
860 2150 936 2227 justo
950 2168 1017 2206 cum
1030 2149 1156 2224 imperio
1171 2168 1208 2205 ex

214 2229 473 2288 senatis-consulto
492 2230 523 2287 in
542 2230 719 2306 provinciam
739 2249 821 2287 suam
841 2238 965 2286 venerat.
1006 2227 1087 2285 Hinc
1107 2229 1208 2304 prohi-

215 2309 301 2380 bitus,
321 2328 379 2377 non
406 2309 443 2366 ad
470 2309 626 2380 Caesarem,
646 2328 684 2366 ne
707 2308 807 2378 iratus,
827 2327 886 2365 non
905 2308 1032 2376 domum,
1053 2325 1090 2363 ne
1113 2306 1206 2376 iners,

164 2386 200 2439 25
214 2407 271 2445 non
299 2387 424 2462 aliquam
444 2387 474 2445 in
494 2387 651 2464 regionem,
671 2406 710 2444 ne
738 2386 930 2444 condemnare
960 2403 1079 2442 causam
1111 2384 1204 2453 illam,

213 2485 300 2540 quam
313 2477 430 2524 secutus
441 2476 528 2537 esset,
542 2465 702 2535 videretur;
723 2464 754 2522 in
769 2464 981 2533 Macedoniam,
996 2463 1033 2520 ad
1046 2462 1101 2520 Cn.
1118 2463 1206 2520 Pom·

212 2544 270 2620 peii
285 2554 380 2602 castra
392 2545 480 2615 venit,
495 2544 525 2602 in
545 2563 610 2601 eam
631 2544 721 2619 ipsam
742 2562 869 2614 causam,
885 2562 902 2599 a
921 2541 979 2617 qui
999 2551 1060 2598 erat
1074 2542 1204 2617 rejectus

214 2641 282 2679 cum
292 2622 406 2698 injurii.
440 2623 543 2684 Quid:
565 2620 632 2679 clim
643 2622 699 2679 ista
708 2641 755 2680 res
768 2621 839 2679 nihil
854 2621 1052 2679 commovisset
1065 2620 1129 2695 ejus
1141 2618 1204 2675 ani·

214 2718 303 2770 mum,
315 2701 351 2757 ad
362 2720 447 2776 quem
457 2700 614 2769 veneratis3
635 2699 815 2775 languidiore
827 2698 940 2777 (credo)
956 2699 1051 2755 studio
1064 2698 1094 2755 in
1110 2697 1202 2755 causti

164 2781 201 2836 30
215 2778 324 2834 fuistis:
345 2779 541 2836 tantummodo
561 2778 591 2834 in
611 2778 750 2852 presidiis
768 2778 872 2847 eratis;
894 2776 983 2834 animi
996 2775 1063 2833 verd
1079 2795 1096 2832 a
1110 2775 1199 2833 causi

215 2856 422 2927 abhorrebant:
444 2874 491 2926 an,
506 2865 537 2912 ut
551 2856 583 2912 fit
597 2856 627 2913 in
641 2856 774 2915 civilibus
793 2856 885 2926 bellis,
900 2875 956 2913 nec
970 2856 1000 2912 in
1014 2854 1093 2913 vobis
1106 2855 1203 2931 magis

214 2931 301 3008 qudm
319 2933 349 2990 in
369 2934 495 3009 reliquis,
509 2953 609 2991 omnes
622 2934 757 2991 vincendi
777 2934 871 2993 studio
890 2934 1078 2991 tenebamur?
1113 2933 1202 2991 Pacis

214 3012 348 3086 equidem
362 3031 472 3088 semper
487 3022 586 3070 auctor
601 3012 659 3069 fui:
680 3013 731 3070 sed
745 3022 805 3069 tum
819 3012 893 3070 serd.
927 3013 999 3069 Erat
1011 3012 1089 3069 enim
1103 3030 1202 3069 amen·

214 3091 261 3160 tis,
280 3109 348 3147 cum
371 3091 464 3148 aciem
487 3091 608 3162 videres,
631 3109 733 3167 pacem
753 3091 888 3166 cogitare.
928 3090 1050 3160 Omnes,
1071 3089 1199 3164 inquam,

164 3174 200 3229 35
214 3168 331 3226 vincere
351 3168 531 3227 volebamus:
558 3179 590 3226 tu
611 3168 690 3227 certe
713 3168 868 3245 praecipud,
889 3170 938 3245 qui
959 3170 989 3226 in
1009 3187 1076 3226 eum
1102 3169 1199 3225 locum

214 3247 350 3318 venisses,
365 3248 415 3305 ubi
435 3248 488 3305 tibi
508 3258 583 3306 esset
599 3248 787 3324 pereundum,
801 3248 857 3305 nisi
870 3248 1004 3305 vicisses:
1025 3263 1199 3321 quanquam,

214 3336 246 3382 ut
260 3345 339 3383 nunc
352 3346 383 3384 se
396 3346 443 3383 res
457 3327 553 3398 habet,
567 3347 624 3384 non
639 3327 748 3398 dubito,
762 3326 831 3401 quin
851 3327 928 3384 hanc
947 3325 1069 3382 salutem
1086 3334 1200 3400 antepo-

213 3423 267 3461 nas
281 3405 322 3461 illi
336 3405 470 3462 victoriae.

254 3483 293 3541 X.
325 3483 399 3541 Haec
419 3503 473 3560 ego
492 3503 550 3541 non
570 3484 707 3554 dicerem,
723 3482 851 3555 Tubero,
865 3483 890 3540 si
904 3492 953 3540 aut
966 3501 1014 3540 vos
1031 3479 1198 3539 constantias

164 3564 200 3619 40
214 3570 324 3631 vestrae,
340 3571 389 3618 aut
408 3562 553 3619 Caesarem
571 3562 706 3620 beneficii
720 3562 774 3632 sui,
788 3562 947 3637 poeniteret.
988 3560 1019 3617 N
1020 3579 1079 3617 unc
1092 3577 1197 3635 quaero,

214 3638 312 3696 utrum
339 3650 446 3697 vestras
475 3640 604 3715 injurias,
636 3659 673 3697 an
701 3639 876 3715 reipublice,
904 3639 1123 3716 persequamini.
1165 3635 1197 3693 Si

214 3717 388 3792 reipublice,
403 3718 471 3792 quid
492 3719 528 3776 de
548 3718 641 3776 vestra
660 3719 690 3776 in
708 3718 743 3775 eti
758 3719 846 3776 causei
859 3717 1070 3794 perseverantii
1083 3734 1198 3792 respon·

214 3795 340 3852 debitisl
367 3796 392 3852 si
411 3805 529 3868 vestras,
549 3797 653 3867 videte,
674 3815 712 3853 ne
732 3797 842 3868 erretis,
863 3797 912 3872 qui
932 3796 1078 3854 Gaesarem
1097 3793 1198 3854 vestris

214 3872 340 3932 inimicis
353 3872 458 3932 iratum
472 3875 531 3934 sore
543 3875 659 3951 putetis,
673 3871 742 3932 ciuu
755 3874 895 3953 ignoverit
907 3874 974 3933 suis.
