2702 4464
346 387 483 437 ORATIO
504 387 575 438 PRO
596 387 696 438 REGE
717 386 911 438 DEIOTARO·
1141 386 1184 447 89

139 529 272 588 omnium
292 529 496 608 imperatorum
516 531 554 590 de
575 530 714 590 Deiotaro
732 531 851 589 decreta
866 529 984 588 delerel
1012 528 1062 587 Ab
1074 546 1132 600 om,

141 610 229 666 nibus
254 609 333 667 enim
353 609 398 666 his
417 619 536 667 ornatus
561 620 615 680 est,
639 609 698 684 qui,
719 620 869 685 postquam
890 609 921 666 in
943 608 1046 666 caruis
1068 625 1134 666 esse

140 687 234 763 potuit
254 707 306 763 per
327 697 452 758 etatem,
466 688 497 744 in
519 688 603 758 Asia,
619 687 813 764 Cappadocid,
832 687 933 755 Ponto,
948 686 1065 757 Cilicia,
1080 686 1134 762 sy-

142 766 197 837 rii,
213 767 287 823 bella
300 776 460 843 gesseruut.
502 766 628 824 Senatus
641 763 709 824 verb
721 766 833 841 judicia
846 766 883 823 de
896 765 945 823 illo
958 775 1018 822 tam
1031 764 1132 837 multa,

141 854 257 919 tamque
271 845 439 915 honorifica,
453 863 517 919 quie
530 845 654 921 publicis
667 845 762 921 populi
783 844 911 902 Romani
930 844 1021 901 literis
1034 861 1134 901 monu-
1163 840 1182 895 5

141 923 303 998 mentisque
323 923 495 999 consignata
508 932 584 993 sunt,
598 942 662 998 quae
676 941 804 997 unquam
817 932 944 980 vetustas
957 924 1068 993 obruet,
1084 932 1134 979 aut

141 1020 206 1076 quae
219 1011 301 1058 tanta
314 1002 422 1059 delebit
434 1001 560 1059 obliviol
589 1001 673 1062 Quid
684 1002 720 1058 de
730 1001 836 1059 virtute
844 1001 911 1076 ‚ejus
924 1001 1042 1058 dicum't
1063 1000 1132 1075 quid

141 1081 180 1137 de
208 1080 410 1156 magnitudine
439 1080 537 1150 animi,
558 1079 709 1155 gravitate,
731 1079 915 1137 constantiil
943 1097 1006 1154 quae
1033 1090 1134 1137 omnes

143 1158 222 1215 docti
243 1168 329 1232 atque
349 1158 493 1234 sapientes
508 1176 631 1228 summa,
645 1158 763 1232 quidam
783 1158 872 1214 etiam
892 1158 961 1229 sola,
976 1157 1052 1215 bona
1070 1176 1134 1215 esse

142 1237 294 1306 dixerunt3
323 1237 434 1312 hisque,
458 1256 515 1294 non
539 1235 625 1293 modb
648 1236 685 1293 ad
706 1237 791 1307 bene,
812 1236 971 1293 sedetiam
992 1236 1029 1293 ad
1048 1234 1133 1293 beate
1149 1236 1183 1290 10

142 1314 307 1386 vivendum,
322 1324 486 1373 contentam
507 1313 642 1371 virtutem
662 1334 734 1372 esse.
776 1314 851 1372 Haec
871 1314 919 1373 ille
939 1324 1084 1391 reputans,
1105 1323 1135 1372 et

142 1393 205 1450 dies
225 1406 255 1452 et
274 1403 374 1452 noctes
395 1393 535 1470 cogitauS,
550 1412 608 1450 non
628 1390 714 1451 modd
735 1392 788 1450 tibi
806 1413 863 1451 non
877 1402 1030 1451 succenset
1045 1391 1135 1471 (esset

141 1473 221 1529 enim
241 1493 299 1531 non
319 1469 413 1530 solirm
434 1471 574 1548 ingratus,
588 1472 639 1528 sed
659 1472 748 1529 etiam
766 1471 891 1551 amens),
905 1469 1006 1529 verbm
1018 1489 1134 1529 omnem

142 1552 380 1626 tranquillitatem
401 1559 432 1608 et
452 1550 579 1625 quietem
603 1550 761 1607 senectutis
788 1561 938 1626 acceptam
963 1550 1051 1609 refert
1076 1549 1134 1608 cle·

142 1631 259 1687 mentiae
272 1640 338 1686 tuac.
1149 1633 1183 1687 15

183 1708 269 1766 XIV.
302 1709 373 1770 Quo
381 1708 500 1782 quidem
514 1706 611 1765 animo
624 1703 692 1764 cirin
704 1717 790 1764 antea
803 1707 867 1778 fuit,
881 1716 943 1764 tum
956 1727 1014 1765 non
1023 1707 1133 1777 dubito,

142 1788 212 1861 quin
231 1788 289 1845 tuis
309 1787 409 1858 literis,
423 1804 546 1862 quarum
566 1786 729 1861 exemplum
749 1786 818 1862 legi,
833 1805 905 1860 quas
923 1786 1046 1844 adeum
1059 1785 1135 1843 Tar·

143 1885 250 1924 rucene
272 1866 340 1923 buic
362 1864 508 1923 Blesamio
528 1864 644 1934 dedisti,
667 1883 698 1921 se
719 1865 812 1941 magis
834 1865 922 1923 etiam
942 1864 1075 1936 erexerit,
1098 1864 1135 1921 ab

143 1945 279 2019 omnique
306 1943 500 2003 sollicitudine
531 1942 710 2001 abstraxerit.
751 1942 843 2000 Jubes
870 1944 948 2001 enim
972 1961 1040 2000 eum
1059 1943 1135 2001 benc

145 2041 270 2098 sperare,
284 2032 313 2080 et
333 2023 408 2081 bono
427 2041 491 2079 esse
512 2020 625 2090 animo;
646 2022 722 2096 quod
743 2022 805 2080 scio
824 2031 853 2080 te
871 2042 928 2080 non
945 2022 1050 2079 frustra
1065 2022 1135 2080 scri·
1147 2020 1184 2076 m

145 2101 215 2158 bere
229 2101 337 2159 solere:
357 2100 476 2157 memini
489 2099 579 2170 enim,
595 2098 697 2157 iisdem
712 2098 772 2158 ferd
786 2100 881 2159 verbis
901 2101 938 2158 ad
958 2119 1004 2157 me
1020 2110 1050 2158 te
1066 2100 1135 2159 scri·

145 2180 224 2249 berc,
239 2198 341 2254 meque
354 2179 412 2235 tuis
424 2178 515 2235 literis
528 2178 604 2235 bene
617 2198 732 2254 sperare
748 2199 806 2237 non
820 2179 925 2237 frustra
938 2199 1001 2237 esse
1013 2179 1133 2254 jussum.

145 2257 260 2316 Laboro
281 2256 414 2331 equidem
435 2256 512 2333 regis
533 2256 664 2314 Deiotari
685 2257 785 2328 causi,
799 2277 924 2333 quocum
945 2258 1017 2315 mihi
1037 2257 1135 2315 amici·

144 2336 217 2392 tiam
245 2354 291 2392 res
317 2335 434 2410 publica
460 2334 634 2407 conciliavit,
655 2335 809 2412 hospitium
829 2336 959 2394 voluntas
987 2335 1135 2410 utriusque

145 2413 304 2488 conjunxit,
326 2413 548 2489 familiaritatem
574 2414 752 2472 consuetudo
776 2415 881 2486 attulit,
901 2432 1044 2472 summam
1066 2411 1134 2471 verb
1148 2415 1185 2469 25

144 2491 391 2550 necessitudinem
419 2510 524 2567 magna
551 2492 613 2567 ejus
639 2493 737 2551 officia
757 2493 788 2550 in
808 2512 855 2550 me
876 2504 905 2551 et
926 2491 956 2565 in
977 2492 1136 2550 exercitum

146 2589 244 2628 meum
258 2570 426 2627 effecerunt.
467 2570 536 2640 Sed,
557 2570 625 2628 cirin
646 2572 682 2630 de
703 2572 752 2630 illo
772 2572 879 2643 laboro,
900 2583 961 2629 tum
981 2572 1018 2628 de
1038 2570 1136 2628 multis

147 2648 329 2724 amplissimis
342 2648 419 2718 viris,
434 2648 536 2724 quibus
550 2651 639 2707 semel
653 2649 783 2726 ignotum
797 2669 815 2708 a
827 2660 857 2708 te
870 2670 933 2709 esse
946 2659 1065 2726 oportet,
1079 2669 1137 2708 nec

145 2727 320 2785 beneficium
343 2738 425 2784 tuum
447 2727 477 2785 in
500 2727 622 2784 dubium
645 2728 752 2800 vocari,
774 2749 831 2788 nec
851 2732 960 2788 herere
980 2730 1010 2788 in
1032 2728 1136 2786 animis

144 2806 293 2864 hominum
310 2805 535 2864 sollicitudinem
557 2807 771 2882 sempiternam,
785 2827 842 2867 nec
856 2809 1000 2879 accidere,
1015 2818 1047 2866 ut
1060 2808 1136 2884 quis-
1148 2811 1185 2866 30

143 2903 229 2960 quam
250 2894 279 2942 te
301 2885 402 2942 timere
424 2884 544 2961 incipiat
564 2904 663 2942 eorum
682 2886 731 2962 qui
747 2887 837 2945 semel
860 2906 877 2946 a
897 2898 927 2946 te
943 2888 1002 2946 sint
1020 2887 1135 2945 liberati

143 2963 253 3020 timore.
295 2963 363 3021 Non
383 2963 485 3034 debeo,
501 2963 557 3020 Gai
579 2964 687 3036 Caesar,
708 2963 798 3042 (quod
820 2965 882 3024 fieri
903 2967 975 3024 solet
996 2965 1027 3023 in
1048 2966 1136 3024 tantis

142 3041 292 3122 periculis)
308 3051 430 3112 tentare,
445 3060 571 3116 quonam
584 3042 669 3100 modo
682 3043 806 3103 dicendo
819 3044 1044 3103 misericordiam
1055 3053 1135 3101 tuam

144 3139 324 3178 commovere
343 3120 466 3196 possim:
488 3120 561 3178 nihil
574 3139 645 3196 opus
658 3133 718 3179 est:
739 3141 892 3181 occurrere
912 3123 974 3199 ipsa
987 3123 1058 3180 solet
1072 3142 1136 3199 sup·

142 3198 268 3274 plicibus
289 3208 319 3256 et
341 3198 525 3269 calamitosis,
549 3199 657 3256 nullius
681 3201 810 3258 oratione
837 3212 963 3260 evocata.
1005 3200 1135 3276 Propone
1148 3201 1185 3255 35

122 3276 196 3334 -tibi
216 3278 289 3334 duos
309 3297 403 3354 reges,
426 3287 457 3334 et
478 3277 508 3334 id
530 3278 627 3336 animo
648 3280 843 3355 contemplare
864 3280 939 3354 quod
960 3278 1053 3337 oculis
1077 3298 1135 3336 non

142 3366 232 3432 potes.
273 3355 365 3413 Dabis
386 3354 514 3431 profectd
536 3356 751 3428 misericordie,
772 3359 848 3432 quod
869 3357 1028 3416 iracuudiae
1049 3375 1136 3432 nega·

145 3435 218 3491 visti.
261 3433 355 3492 Multa
376 3443 444 3491 suut
464 3444 521 3492 tuae
543 3435 705 3493 clementiae
720 3446 922 3506 monumenta;
944 3435 995 3492 sed
1009 3433 1134 3492 maxime

144 3531 245 3570 eorum
259 3513 481 3584 incolumitates,
495 3513 600 3590 quibus
621 3515 743 3571 salutem
765 3514 888 3571 dedisti:
908 3533 971 3590 quae
990 3514 1014 3570 si
1033 3513 1063 3571 in
1080 3513 1137 3589 pri·

145 3591 217 3649 vatis
237 3592 359 3668 gloriosa
378 3600 456 3661 sunt,
471 3590 562 3650 multo
581 3592 674 3669 magis
694 3594 993 3651 commemorabuntur
1012 3592 1042 3650 in
1063 3593 1136 3670 regi·
1149 3594 1186 3651 40

143 3670 206 3727 bus.
249 3670 369 3746 Semper
388 3670 502 3746 regium
523 3690 628 3729 nomen
647 3670 677 3728 in
696 3672 752 3728 hac
775 3671 892 3729 civitate
908 3681 1042 3729 sanctum
1063 3672 1134 3731 suit:

143 3747 287 3807 sociorum
301 3747 369 3806 verb
384 3767 485 3826 regum
499 3759 529 3807 et
543 3750 701 3808 amicorum
714 3747 937 3808 sanctissimum.

182 3826 252 3884 XV.
282 3826 373 3889 Quod
394 3846 510 3899 nomen,
534 3829 564 3885 hi
588 3848 682 3905 reges,
706 3848 744 3887 ue
768 3828 940 3901 amitterent,
963 3840 993 3888 te
1016 3829 1134 3904 victore,

143 3903 318 3965 timuerunt:
347 3917 491 4045 retgeptum
518 3905 597 3982 verb,
624 3917 654 3968 et
677 3927 695 3966 a
721 3917 750 3967 te
777 3907 987 3983 confirmatum,
1013 3911 1134 3989 posteris
