2658 4468
145 338 203 399 lld
395 336 532 387 ORATlO
554 335 624 384 PRO
645 335 677 385 T.
698 333 813 383 ANNIO
834 334 985 385 MILONE.

195 491 275 539 tuam
295 481 325 539 iu
339 481 367 539 vi
387 480 553 550 insereudd3
575 480 660 557 hujus
678 477 792 538 tantum
812 479 843 537 in
861 479 1044 556 repellendi:
1065 490 1190 538 mortem

197 561 234 618 eb
254 560 304 618 illo
325 561 524 618 denuntiatum
548 560 652 617 Miloni
670 571 699 617 et
718 559 886 635 predictam
903 559 1017 635 paldm3
1038 559 1110 617 nihil
1135 579 1191 617 un-

195 658 282 714 quam
297 640 426 696 auditum
440 659 476 696 ex
489 639 616 697 Milone:
637 637 821 715 profectionis
831 638 917 714 hujus
926 638 1002 695 diem
1013 640 1055 697 illi
1069 648 1188 710 notum,

196 718 320 777 reditum
341 718 418 776 illius
438 719 507 776 huic
528 718 658 795 ignotum
678 717 783 774 fuisse:
805 717 890 792 hujus
904 717 958 775 iter
972 719 1187 790 necessarium3

161 792 274 855 5illius
293 797 381 855 etiam
401 795 496 874 potius
516 797 662 855 alienum:
683 797 762 854 hunc
781 815 839 872 prae
860 813 892 852 sa
906 797 1015 867 tulisse,
1029 817 1061 854 se
1075 798 1124 855 illo
1139 798 1189 855 die

197 877 294 934 Romi
320 876 481 947 exiturum3
511 876 591 934 illum
612 896 647 934 eo
666 876 714 933 die
734 894 766 933 se
785 875 982 933 dissimulasse
1008 876 1187 934 rediturum:

197 957 276 1014 lrunc
292 956 399 1013 nullius
418 955 461 1013 rei
481 955 607 1012 mutdsse
621 955 791 1024 consilium3
814 954 895 1011 illum
916 974 1034 1012 causam
1054 956 1187 1013 mutandi

197 1035 310 1093 consilii
332 1034 464 1092 linxisse:
486 1034 565 1104 huic,
581 1034 606 1091 si
628 1034 821 1105 insidiaretur,
836 1044 951 1091 noctem
971 1054 1056 1110 prope
1077 1034 1188 1091 Urbem

197 1114 437 1190 exspectandam
459 1113 510 1183 illi,
524 1113 612 1170 etiam
625 1113 649 1170 si
664 1114 743 1171 huuc
757 1133 814 1171 uon
832 1113 956 1184 timeret,
971 1124 1068 1171 tamen
1089 1132 1189 1171 acces·

147 1190 181 1245 10
198 1212 262 1250 sum
277 1193 313 1250 ad
327 1192 434 1250 Urbem
448 1202 621 1250 nocturnum
635 1192 723 1250 fuisse
737 1192 933 1250 metuendum.

237 1271 308 1329 XX.
342 1271 501 1328 Videamus
521 1290 610 1342 nunc,
626 1270 680 1349 (id,
695 1272 771 1347 quod
789 1281 876 1348 caput
889 1272 946 1350 est)
961 1271 1041 1328 locus
1062 1271 1099 1328 ad
1119 1270 1188 1328 insi·

198 1351 262 1407 diss
282 1350 330 1406 ille
352 1350 421 1425 ipse,
436 1350 486 1407 ubi
506 1350 652 1426 congressi
673 1359 750 1421 suut,
765 1351 822 1409 utri
842 1350 959 1407 tandem
980 1350 1066 1408 fuerit
1086 1351 1185 1426 aptior.

199 1428 235 1486 Id
256 1427 333 1499 verti,
351 1428 475 1504 judices,
496 1429 583 1486 etiam
610 1429 801 1487 dubitandum
822 1439 852 1487 et
871 1427 980 1486 diutinis
1000 1430 1187 1506 cogitandum

199 1509 264 1566 estl
298 1509 377 1566 Ante
398 1507 519 1565 fundum
546 1507 652 1579 Clodii,
675 1506 746 1584 (quo
766 1509 796 1566 iu
817 1509 916 1579 fundo,
936 1518 1048 1584 propter
1069 1508 1187 1565 insanas

147 1594 182 1648 15
200 1588 263 1646 illas
282 1587 518 1657 substructiones,
533 1585 619 1644 facile
633 1587 713 1644 mille
731 1587 879 1644 hominum
893 1588 1078 1646 versabantur
1092 1588 1188 1644 valen·

198 1668 285 1745 dum)
300 1667 378 1724 edito
397 1666 552 1723 adversarii
574 1676 658 1741 atque
678 1667 793 1725 excelso
812 1666 876 1724 loco
893 1667 1067 1743 superiorem
1081 1685 1112 1723 se
1126 1666 1187 1724 sore

198 1747 317 1823 putabat
331 1745 421 1812 Milu3
443 1755 472 1801 et
484 1745 522 1802 ob
535 1763 600 1802 eam
614 1764 676 1802 rem
689 1764 755 1802 euru
770 1745 866 1802 locum
881 1746 917 1801 ad
931 1764 1057 1822 pugnam
1077 1745 1188 1822 potissi·

199 1823 278 1883 mrim
299 1824 445 1901 elegeratl
467 1843 504 1881 an
525 1825 554 1881 in
575 1844 610 1882 eo
629 1824 693 1882 loco
713 1833 757 1881 est
775 1822 870 1901 potius
890 1835 1071 1899 exspectatus
1090 1824 1186 1895 abeo,

199 1904 258 1979 qui,
273 1903 361 1979 ipsius
374 1903 430 1961 loci
444 1922 504 1979 spe,
519 1903 615 1961 facere
629 1902 765 1979 impetum
781 1903 942 1979 cogitarstl
977 1902 1040 1960 Res
1053 1902 1187 1978 loquitur,

145 1984 182 2041 20
196 1983 319 2057 judices,
335 1982 396 2058 ipsa
405 2002 413 2052 ;
434 2001 497 2057 quae
512 2001 622 2058 semper
636 1983 712 2040 valet
724 1981 889 2059 plurimtim.
931 1982 964 2039 Si
978 1982 1041 2039 haec
1054 2002 1111 2039 nun
1126 2002 1189 2058 ges-

199 2072 229 2118 ta
242 2061 389 2132 audiretis,
404 2062 455 2118 sed
474 2062 553 2136 picta
566 2062 719 2131 videretis3
740 2073 837 2119 tamen
859 2072 1016 2137 appareret,
1031 2070 1094 2118 uter
1113 2070 1189 2119 esset

199 2139 358 2211 insidiator,
372 2151 435 2197 uter
456 2140 527 2197 nihil
549 2141 690 2217 cogitaret
709 2142 788 2211 mali,
803 2139 871 2198 cum
893 2140 964 2197 alter
985 2141 1136 2197 veheretur
1158 2141 1187 2197 in

199 2219 289 2277 rhedri
302 2219 472 2296 penulstus,
486 2219 545 2277 una
559 2221 671 2278 sederet
685 2239 763 2279 uror.
803 2219 887 2282 Quid
908 2220 1009 2276 horum
1029 2239 1087 2277 non
1101 2220 1188 2296 impe-

199 2298 393 2357 ditissimuml
414 2298 543 2370 vestitus,
559 2318 596 2357 sn
617 2299 792 2369 vehiculum,
808 2317 844 2355 an
865 2299 982 2355 cornesl
1002 2298 1071 2373 quid
1091 2296 1188 2356 minus

146 2387 182 2442 π
198 2389 358 2454 promptum
380 2378 416 2436 sd
435 2397 572 2474 pugnam,
587 2376 655 2436 clim
675 2379 789 2454 paenuls
810 2377 945 2448 irretitus,
960 2377 1050 2434 rhedti
1071 2378 1189 2453 impedi·

199 2467 255 2525 tus,
269 2477 356 2516 uxore
375 2476 450 2533 pene
472 2458 654 2530 constrictus,
669 2459 767 2515 essetl
802 2457 909 2515 Videte
929 2475 1008 2514 nunc
1029 2456 1119 2527 illum,
1133 2456 1189 2532 pri·

198 2534 279 2593 mum
293 2537 490 2613 egredientem
505 2557 522 2595 e
536 2537 613 2608 villa,
628 2534 743 2594 subito:
765 2538 837 2594 curl
858 2536 985 2612 uesperi:
1007 2536 1076 2610 quid
1090 2555 1189 2593 neces·

199 2634 230 2671 se
244 2617 306 2672 estl
328 2614 429 2673 tarde:
450 2615 499 2690 qui
518 2617 661 2687 convenit,
677 2617 706 2674 id
724 2616 881 2692 praesertim
902 2616 1057 2690 temporis?
1088 2614 1189 2672 Diver-

199 2693 233 2749 tit
260 2694 290 2751 iu
316 2694 414 2751 villam
440 2694 577 2770 Pompeii.
618 2694 787 2771 Pompeium
815 2704 847 2751 ut
870 2694 999 2751 videretl
1027 2694 1138 2751 sciebat
1158 2694 1188 2751 in

146 2779 183 2835 st)
201 2772 329 2829 Alsiensi
350 2792 431 2842 esse3
461 2773 558 2830 villam
578 2782 610 2830 ut
628 2775 824 2850 perspiceret?
854 2773 959 2830 millies
980 2773 1009 2829 in
1030 2773 1066 2829 ed
1087 2773 1187 2830 suerat.

198 2851 282 2912 Quid
295 2870 365 2926 ergo
378 2852 461 2908 eratl
485 2871 565 2909 mora
585 2861 614 2910 et
633 2852 849 2930 tergiversatio:
870 2852 940 2909 dum
955 2852 1003 2909 hic
1017 2853 1136 2923 veniret,
1150 2851 1190 2910 lo-

200 2949 267 2988 cum
281 2930 442 3004 relinquere
455 2930 554 2988 noluit.

239 3008 326 3066 XXI.
361 3009 427 3085 Age
448 3028 536 3080 nuno,
554 3010 608 3068 iter
628 3011 753 3088 expediti
772 3009 891 3069 latronis
911 3029 979 3068 cum
1000 3009 1118 3068 Milonis
1138 3010 1190 3068 im·

198 3087 372 3163 pedimentis
385 3099 557 3163 comparate.
599 3089 719 3166 Semper
741 3090 789 3148 ille
814 3102 900 3148 antea
919 3109 987 3147 cum
1002 3108 1089 3147 uxore
1100 3110 1107 3160 ;
1129 3101 1189 3147 tum

147 3174 182 3228 35
200 3168 262 3225 siue
283 3167 335 3225 esi:
363 3187 510 3243 nunquam
536 3188 593 3227 non
615 3169 645 3226 in
665 3170 773 3239 rhedd3
804 3180 866 3227 tum
887 3168 917 3227 in
938 3188 1019 3244 equo.
1062 3169 1190 3227 Comites

199 3247 337 3318 Graeculi,
352 3245 526 3321 quocunque
540 3248 610 3318 ibat,
625 3249 712 3306 etiam
734 3246 801 3306 cum
823 3249 853 3306 in
874 3258 969 3306 castro
990 3247 1115 3306 Etrusca
1129 3267 1191 3324 pro-

199 3327 336 3401 perabat;
359 3337 420 3382 tum
442 3346 584 3402 nugarum
609 3327 638 3386 iu
663 3328 801 3386 comitatu
824 3327 905 3386 nihil.
947 3326 1030 3397 Milo,
1049 3328 1098 3402 qui
1118 3347 1187 3385 nun·

200 3425 296 3479 quam,
310 3417 372 3463 tum
393 3424 463 3463 casu
482 3425 586 3481 pueros
606 3406 825 3483 symphoniacos
838 3405 934 3464 uxoris
948 3406 1084 3477 ducebat,
1099 3416 1128 3464 et
1142 3425 1191 3463 an·

200 3484 332 3543 cillarum
346 3504 465 3561 greges:
488 3485 546 3557 ille,
560 3485 609 3561 qui
623 3505 734 3562 semper
749 3504 848 3544 secum
863 3494 967 3556 scorta,
977 3503 1088 3561 semper
1099 3486 1191 3544 exole-

148 3565 183 3619 tu
200 3572 252 3633 tos,
267 3583 378 3639 semper
392 3564 474 3639 lupas
488 3565 616 3637 duceret,
631 3575 692 3622 tum
707 3565 862 3635 neminem,
877 3563 934 3622 nisi
948 3574 979 3621 ut
993 3564 1086 3621 virum
1101 3584 1118 3621 s
1131 3564 1191 3622 viro

200 3640 308 3698 lectum
322 3662 385 3700 esse
399 3643 520 3701 diceres.
562 3645 623 3702 Cur
637 3643 724 3720 igitur
735 3643 828 3702 victus
842 3645 905 3701 estl
926 3643 1064 3718 quianon
1079 3662 1190 3719 semper

201 3720 290 3778 viator
305 3741 322 3778 a
335 3721 455 3792 latrone,
470 3742 675 3798 nonuunquam
686 3723 774 3780 etiam
787 3723 860 3781 latro
875 3722 1019 3793 aviatore,
1029 3722 1188 3780 occiditur:

200 3799 279 3873 quia,
292 3819 456 3875 quanquam
476 3811 593 3877 paratus
607 3802 637 3860 in
651 3798 804 3878 imparatos
825 3801 955 3873 Clodius,
969 3812 1067 3860 tamen
1087 3801 1189 3859 mulier

201 3876 343 3937 inciderat
357 3880 386 3937 in
400 3879 482 3937 uiros.
