2702 4464
149 315 191 372 56
426 312 562 363 ORATIO
583 312 653 362 rtto
674 312 772 363 LEGE
794 312 962 363 Mummi.

204 463 290 529 atque
303 453 425 530 imperii,
438 465 500 512 tum
518 455 607 534 ipsius
624 456 748 515 hominis
762 455 861 528 causi,
876 455 977 535 (sicuti
990 456 1100 538 facitis)
1115 459 1188 518 velle

203 543 232 590 et
245 545 342 608 optare
356 534 475 592 debetis.

241 613 354 683 Quare,
369 612 437 671 erim
457 623 486 672 et
506 614 613 672 bellurn
627 614 668 672 ita
680 613 876 671 necessarium
889 613 936 685 sit,
950 624 983 672 ut
1002 615 1109 692 negligi
1129 637 1186 675 non

202 690 306 766 possit;
334 691 375 748 ita
393 710 542 769 magnum,
562 702 595 750 ut
615 692 831 750 accuratissime
853 692 890 749 sit
911 694 1184 766 administrandum

167 768 185 820 5
203 780 232 826 et
252 767 320 826 oiim
340 770 368 827 ei
388 769 586 847 imperatorem
605 771 750 846 praefioere
769 770 892 847 possitis,
907 770 1007 846 inquo
1027 771 1064 828 sit
1081 774 1187 831 eximia

203 847 270 905 belli
284 848 415 919 seientia,
429 849 583 926 singularis
602 849 700 920 virtus,
715 850 874 907 clarissima
891 850 1055 921 auotoritas,
1069 852 1186 927 egregia

203 927 331 995 fortuna3
356 927 533 998 dubitabitis,
552 928 694 998 Quirites,
716 928 785 1002 quin
805 930 860 986 hoo
880 937 993 985 tantum
1013 930 1089 999 boni,
1108 928 1185 1003 'quod

202 1004 282 1062 vobis
296 1023 313 1061 a
326 1004 390 1062 Diis
403 1006 611 1064 immortalibus
630 1006 757 1063 oblatum
777 1015 806 1063 et
826 1007 924 1063 datum
944 1016 997 1078 est,
1012 1007 1042 1064 in
1055 1008 1186 1083 rempub·

202 1082 290 1140 licam
304 1085 528 1141 conservandam
543 1095 628 1158 atque
642 1084 872 1159 amplificandam
886 1085 1059 1142 conferatisl

151 1161 186 1214 10
242 1162 344 1219 XVII.
363 1160 456 1224 Quod
476 1163 500 1219 si
520 1162 623 1220 Romae
644 1162 872 1238 Cn..Pompeius
891 1164 1017 1239 privatus
1035 1173 1111 1221 esset
1130 1165 1186 1223 hoo

203 1249 345 1315 tempore3
365 1250 462 1297 tamen
477 1242 513 1297 ad
526 1250 638 1297 tantum
659 1241 766 1298 bellurn
786 1242 810 1298 is
830 1254 892 1299 erat
911 1242 1080 1318 deligendus
1100 1253 1185 1316 atque

204 1318 367 1375 mittendus.
408 1318 507 1389 Nune,
529 1316 597 1375 oiim
619 1319 655 1376 ad
675 1330 794 1376 oaeteras
820 1339 946 1376 summas
966 1320 1103 1377 utilitates
1123 1321 1184 1378 haec

204 1414 316 1469 quoque
335 1397 528 1471 opportunitas
549 1397 731 1474 adjungatur,
745 1409 777 1454 ut
797 1397 826 1455 in
841 1397 877 1455 iis
890 1398 958 1474 ipsis
971 1398 1042 1456 locis
1056 1399 1139 1469 adsit,
1153 1409 1185 1456 ut

202 1475 307 1531 habeat
321 1475 488 1546 exereitum,
503 1485 535 1533 ut
556 1476 591 1531 ab
612 1476 657 1546 iis,
671 1476 721 1550 qui
738 1477 855 1547 habent,
871 1477 1002 1552 accipere
1016 1478 1110 1534 statim
1124 1497 1185 1552 pos-

153 1553 185 1605 15
203 1553 256 1621 εἰν,
276 1552 346 1628 quid
359 1555 577 1629 exspectamusl
600 1564 649 1611 aut
662 1574 714 1611 eur
727 1574 795 1625 non,
806 1556 929 1612 ducibus
943 1556 1008 1612 Diis
1022 1555 1185 1612 immortali·

203 1631 267 1703 bus,
281 1631 385 1702 eidem,
399 1632 448 1689 oui
469 1642 582 1703 eaetera,
597 1632 709 1689 summai
723 1652 791 1691 oum
808 1634 900 1690 salute
920 1633 1094 1710 reipublice,
1109 1651 1185 1691 oom-

202 1709 291 1767 missa
304 1720 379 1781 sunt,
394 1712 449 1768 hoo
463 1730 575 1787 quoque
588 1711 695 1768 bellum
709 1712 821 1787 regium
835 1712 1059 1770 oommittirnusl

241 1788 283 1845 At
302 1788 380 1845 enim
400 1789 442 1847 vir
463 1789 647 1860 clarissimus,
665 1789 877 1847 amantissimus
896 1790 1070 1865 reipublioae,
1084 1790 1184 1848 vestris

203 1866 351 1923 benefieiis
372 1867 552 1942 amplissimis
573 1868 701 1939 affectus,
718 1869 759 1931 Q.
775 1869 906 1939 Catulus,
921 1868 1046 1942 itemque
1066 1869 1185 1926 summis

149 1949 186 2004 20
202 1944 377 2001 ornamentis
398 1945 522 2017 honoris,
544 1947 673 2016 fortunae,
697 1947 818 2017 virtutis,
842 1947 952 2023 ingenii
977 1946 1121 2023 praeditus,
1141 1947 1183 2009 Q.

203 2023 384 2094 Hortensius,
400 2025 436 2080 ab
450 2025 505 2082 hae
519 2025 629 2083 ratione
642 2024 829 2083 dissentiunt:
851 2044 970 2100 quorum
990 2045 1045 2101 ego
1064 2026 1185 2084 auotori-

202 2111 291 2158 tatem
312 2103 387 2178 apud
406 2121 455 2160 vos
482 2103 578 2160 multis
604 2102 675 2160 loeis
701 2103 855 2178 plurimum
882 2104 1014 2175 valuisse,
1035 2114 1065 2162 et
1089 2105 1184 2162 valere

201 2191 340 2255 oportere,
362 2181 513 2252 confiteo13
541 2181 592 2238 sed
619 2181 649 2239 in
676 2182 731 2238 hae
758 2183 857 2254 causa,
877 2182 992 2239 tametsi
1012 2183 1185 2259 cognoscitis

203 2259 387 2317 auctoritates
407 2260 564 2318 contrarias
583 2259 708 2318 virorum
732 2259 947 2318 fortissimorum
967 2270 996 2317 et
1016 2261 1185 2319 clarissimo·
1208 2319 1210 2322 ,

149 2340 185 2394 25
203 2355 276 2409 rum,
291 2348 397 2408 tamen,
410 2338 523 2396 omissis
544 2338 770 2405 auetoritatibus,
785 2338 846 2414 ipsi
867 2358 897 2395 re
917 2349 947 2396 et
966 2339 1076 2397 ratione
1089 2339 1184 2413 exqui-

202 2435 266 2474 rere
284 2435 434 2492 possumus
447 2417 611 2486 veritatem3
633 2427 718 2491 atque
732 2418 787 2474 hoe
800 2415 924 2488 facilius,
938 2416 1016 2492 quod
1030 2437 1065 2475 ea
1077 2417 1183 2488 omnia,

145 2534 154 2549 .
203 2513 266 2568 quae
281 2495 376 2552 adhue
391 2513 408 2552 a
421 2514 468 2553 me
481 2497 560 2552 dieta
574 2507 649 2566 sunt,
665 2495 753 2551 iidem
773 2495 820 2552 isti
840 2514 908 2552 vera
927 2515 990 2552 esse
1011 2497 1183 2566 concedunt,

202 2582 231 2629 et
257 2571 452 2630 necessarium
479 2574 586 2631 bellum
612 2593 685 2643 esse,
706 2582 736 2630 et
761 2592 909 2650 magnum,
930 2584 959 2632 et
984 2574 1015 2631 in
1041 2593 1099 2631 uno
1127 2574 1183 2632 Cn.

160 2718 164 2723 ι
203 2650 337 2726 Pompeio
351 2669 463 2707 summa
476 2670 538 2708 esse
552 2652 656 2708 omnia.

149 2738 186 2792 30
240 2728 322 2789 Quid
337 2728 423 2803 igitur
438 2729 478 2785 ait
492 2729 684 2786 Hortensiusl
719 2729 752 2786 Si
766 2729 817 2786 uni
830 2730 928 2788 omnia
940 2731 1092 2789 tribuenda
1107 2739 1183 2800 sunt,

202 2824 292 2862 unum
320 2806 520 2881 dignissimum
540 2826 603 2863 esse
629 2807 796 2882 Pompeium
807 2828 814 2877 ;
849 2810 900 2866 sed
921 2810 957 2866 ad
977 2828 1067 2866 unum
1086 2819 1184 2866 tamen

202 2883 299 2963 omnia
318 2883 422 2941 deferri
442 2904 500 2941 non
519 2894 655 2960 oportere.
696 2884 845 2943 Obsolevit
868 2887 929 2962 jam
952 2888 1007 2945 ista
1033 2888 1132 2957 oratio,
1152 2905 1184 2944 re

202 2959 292 3018 multo
313 2961 406 3037 magis
426 2960 512 3036 quam
532 2962 626 3020 verbis
645 2963 776 3021 refutata.
817 2965 896 3023 Nam
909 2975 941 3022 tu
955 2966 1041 3037 idem,
1055 2967 1095 3028 Q.
1111 2966 1185 3023 Hor·

202 3040 287 3110 tensi,
307 3039 407 3111 multa,
427 3041 547 3116 protuli
567 3043 679 3098 summa
707 3042 790 3118 sopiit
819 3062 854 3101 ao
882 3044 1020 3120 singulari
1049 3045 1185 3102 facultate

150 3123 186 3181 35
204 3117 329 3189 dicendi,
350 3128 379 3175 et
405 3119 435 3176 in
462 3130 563 3177 senatu
590 3131 689 3177 eontra
712 3121 804 3178 virum
831 3122 932 3180 sortem
958 3123 996 3180 A.
1017 3123 1184 3191 Gabinium,

202 3197 326 3273 graviter
338 3196 495 3271 ornateque
516 3198 622 3269 dixisti,
637 3197 704 3256 oiim
725 3199 749 3256 is
770 3200 806 3257 de
826 3219 884 3258 uno
903 3200 1072 3277 imperatore
1086 3211 1186 3259 contra

202 3276 350 3352 praedones
370 3276 570 3334 constituendo
588 3277 683 3354 legem
702 3279 927 3355 promulgrisset3
948 3290 978 3337 et
997 3300 1034 3337 ex
1053 3282 1108 3338 hoe
1126 3280 1186 3354 ipso

203 3355 268 3412 loco
279 3355 420 3431 permulta
440 3354 509 3412 item
530 3365 630 3413 contra
649 3356 743 3432 legem
759 3376 823 3414 eam
837 3358 924 3415 verba
938 3357 1040 3415 fecisti.
1079 3357 1184 3420 Quidt

203 3443 265 3490 tum
287 3432 350 3510 (per
370 3433 447 3491 Deos
467 3433 673 3513 immortalesl)
695 3434 719 3490 si
738 3434 803 3510 plrls
824 3437 897 3511 apud
917 3437 1053 3512 populum
1079 3436 1187 3494 Roma-

152 3518 187 3573 40
205 3530 274 3568 num
295 3512 449 3569 auotoritas
475 3523 535 3584 tua,
556 3513 643 3588 quam
664 3513 752 3589 ipsius
771 3514 867 3590 populi
894 3515 1022 3572 Romani
1049 3516 1136 3585 salus,
1157 3524 1186 3572 et

204 3609 271 3646 vera
291 3609 389 3661 causa,
409 3591 554 3662 valuisset,
575 3592 660 3650 hodie
680 3593 756 3649 hane
776 3592 905 3669 gloriam,
928 3603 1013 3666 atque
1032 3594 1088 3651 hoe
1110 3592 1188 3651 orbis

204 3677 286 3724 terrae
307 3667 467 3743 imperium,
487 3672 670 3728 teneremusl
710 3672 760 3727 An
786 3672 839 3728 tibi
865 3681 927 3728 tum
953 3671 1104 3747 imperium
1124 3689 1188 3729 esse

205 3745 260 3803 hoo
279 3744 438 3819 videbatur,
459 3747 526 3805 eirm
545 3750 641 3826 populi
668 3750 794 3808 Romani
817 3750 915 3827 legati,
935 3760 1078 3825 praetores,
1099 3767 1178 3826 quiss
