2658 4468
321 359 459 410 ORATIO
482 359 552 409 PRO
575 359 606 409 T.
628 359 744 409 ANNIO
766 359 917 409 MILONE.
1110 360 1168 420 107

118 505 312 585 prodendum,
326 502 404 580 quod
423 513 485 562 erat
508 503 630 563 dictator
652 502 776 562 Lanuvii
799 504 888 575 Milo;
909 502 1007 562 Romi
1021 501 1117 561 subiti)

122 588 186 663 ipse
207 584 351 661 profectus
373 584 466 660 pridie
488 593 541 654 est,
564 593 605 654 ut,
628 593 694 640 ante
718 603 803 640 suum
827 583 958 653 fundum,
975 582 1064 658 (quod
1085 602 1118 640 re

123 665 304 722 intellectum
317 666 374 741 est)
399 662 504 720 Miloni
526 662 646 719 insidias
668 662 830 720 collocaret.
873 663 970 738 Atque
994 664 1035 718 ita
1054 679 1118 736 pro-

125 745 219 802 fectus
245 752 298 813 est,
326 751 358 799 ut
385 741 555 799 concionem
582 741 787 812 turbulentam,
815 742 846 799 in
871 743 928 816 quta
955 740 1018 816 ejus
1038 740 1116 798 furor

123 822 304 880 desideratus
331 830 385 891 est,
408 840 471 895 quae
493 820 542 877 illo
561 819 622 896 ipso
643 820 691 877 die
717 820 818 877 habita
843 830 897 891 est,
924 819 1115 895 relinqueret;
1147 823 1166 877 ⁵

121 920 220 977 quam,
235 900 292 958 nisi
312 900 392 958 obire
410 899 547 957 facinoris
569 899 666 956 locum
689 908 858 975 tempusque
879 899 1024 970 voluisset,
1044 917 1117 956 nun·

120 999 210 1056 quam
230 980 402 1054 reliquisset.
442 1008 447 1015 ·

163 1058 238 1116 Milo
260 1069 366 1127 autem,
390 1055 457 1115 cirrn
479 1057 510 1114 in
532 1068 635 1114 senatu
658 1056 759 1114 suisset
772 1076 807 1113 eo
830 1056 878 1114 die
892 1056 985 1131 quoad
999 1065 1117 1113 senatus

119 1138 259 1194 dimissus
280 1147 334 1207 est,
349 1137 465 1194 domum
488 1137 584 1193 venit:
607 1136 721 1193 calceos
744 1145 774 1192 et
795 1135 966 1192 vestimenta
978 1134 1115 1192 mutavit:

118 1217 276 1292 paulisper,
292 1216 360 1272 dum
375 1234 406 1272 se
427 1234 498 1275 utor
523 1213 570 1293 (ut
591 1215 635 1294 fit)
661 1223 817 1310 comparat,
842 1223 1034 1272 commoratus
1053 1224 1115 1270 est:
1132 1213 1167 1269 10

119 1296 228 1353 deinde
251 1295 397 1370 profectus
419 1303 463 1351 est
483 1294 514 1351 id
537 1292 683 1370 temporis,
706 1311 774 1351 cum
795 1292 855 1368 jam
877 1292 1007 1363 Clodius,
1030 1291 1117 1367 siqui·

119 1376 189 1431 dem
211 1394 246 1431 eo
272 1374 320 1431 die
348 1373 475 1430 Romam
497 1383 635 1430 venturus
657 1381 729 1442 erat,
753 1371 848 1429 redire
867 1371 1014 1448 potuisset.
1055 1371 1117 1428 Ob·

118 1451 198 1509 viam
213 1453 244 1509 lit
265 1452 293 1510 ei
317 1452 447 1522 Clodius,
470 1452 630 1527 expeditus,
645 1451 675 1509 in
697 1469 780 1526 equo,
804 1450 884 1507 nulli
907 1451 1007 1522 rhedi,
1028 1450 1116 1507 nullis

120 1531 345 1607 impedimentis,
360 1531 447 1588 nullis
461 1531 573 1588 Graecis
587 1530 750 1600 comitibus,
760 1540 792 1586 ut
800 1529 926 1600 solebat3
941 1530 1003 1587 sine
1017 1549 1114 1599 uxore,

16 1690 17 1693 Ἴ
120 1612 198 1684 quod
222 1629 371 1685 nunquam
396 1609 475 1667 fere:
498 1607 566 1667 curn
583 1609 639 1667 'hic
661 1609 820 1679 insidiator,
845 1609 894 1683 qui
916 1609 969 1666 iter
993 1607 1064 1666 illud
1079 1608 1115 1665 ad
1130 1605 1166 1659 15

122 1690 232 1747 cadem
247 1689 411 1747 faciendam
426 1688 601 1765 appanisset,
615 1707 684 1746 cum
697 1707 785 1744 uxore
806 1688 956 1745 veheretur
970 1687 998 1744 in
1013 1687 1115 1757 rhedo,

122 1769 292 1844 paenulatus,
322 1788 429 1844 magno
459 1767 676 1842 impedimento,
708 1785 744 1824 ac
769 1766 903 1824 muliebri
931 1775 962 1824 et
990 1765 1116 1824 delicato

125 1846 294 1904 ancillarum
307 1865 518 1922 puerorumque
533 1847 680 1904 comitatu.

165 1924 214 1981 Fit
226 1924 340 1983 obviam
354 1926 457 1983 Clodio
472 1935 539 1982 ante
560 1926 682 1982 fundum
702 1923 773 1999 ejus,
788 1924 859 1981 hort
872 1921 932 1982 sere
948 1922 1114 1995 undecima,

127 2012 247 2061 autnon
260 2003 351 2061 multo
366 2023 458 2063 secus.
500 2005 606 2062 Statim
628 2004 789 2080 complures
810 2022 878 2061 cum
898 2003 964 2061 telis
984 2002 1014 2060 in
1035 2003 1115 2060 hunc
1128 2007 1165 2062 20

125 2081 238 2139 saciunt
252 2082 288 2138 de
301 2082 365 2140 loco
378 2083 523 2158 superiore
545 2084 701 2160 impetum:
723 2083 835 2141 adversi
852 2082 1017 2140 rhedarium
1038 2082 1116 2140 occi·

124 2161 206 2218 dunt.
249 2158 326 2218 Cum
350 2171 445 2219 autem
467 2162 516 2219 hic
537 2162 574 2220 de
595 2163 696 2232 rheda,
717 2161 825 2238 rejecti
847 2162 971 2238 paenulai,
986 2161 1116 2218 desiluis-

123 2250 177 2309 set,
193 2259 284 2314 seque
299 2240 359 2297 acri
374 2240 469 2298 animo
481 2241 665 2310 defenderet3
688 2240 739 2311 illi,
754 2241 804 2316 qui
825 2250 907 2299 erant
920 2259 989 2297 curn
1002 2239 1115 2309 Clodio,

123 2319 230 2395 gladiis
244 2318 368 2388 eductis,
381 2319 483 2394 partim
497 2340 645 2378 recurrere
660 2320 697 2377 ad
717 2320 847 2390 rhedam,
861 2328 894 2376 ut
908 2338 925 2376 a
937 2329 1019 2394 tergo
1032 2317 1117 2375 Milo·

123 2416 193 2455 nem
213 2397 394 2454 adorirentur
405 2417 412 2467 ;
433 2398 544 2473 partim,
559 2398 636 2474 qubd
660 2400 739 2456 hunc
750 2399 811 2474 jam
833 2397 1016 2455 interfectum
1035 2397 1164 2471 puta-25

124 2486 199 2547 rent,
215 2477 327 2533 caedere
342 2476 482 2552 incipiunt
495 2478 556 2553 ejus
571 2498 676 2548 servos,
691 2478 740 2552 qui
754 2475 819 2553 pdst
833 2485 931 2534 erant:
952 2473 1115 2550 exquibus,

126 2556 174 2629 qui
202 2555 299 2612 animo
326 2555 403 2613 fideli
431 2556 460 2613 in
486 2557 635 2615 dominum
657 2566 686 2614 et
705 2555 839 2632 praesenti
860 2557 984 2623 fuerunt,
1011 2553 1115 2629 partim

105 2633 214 2707 ,occisi
239 2643 314 2704 sunt,
341 2635 455 2710 partim,
480 2633 547 2692 cirm
573 2637 610 2693 ad
633 2636 753 2693 rhedam
780 2634 902 2711 pugnari
925 2633 1065 2702 viderent,
1086 2642 1115 2690 et

125 2712 240 2770 domino
279 2732 447 2772 succurrere
487 2714 716 2789 prohiberentur,
751 2713 947 2788 Milonemque
984 2712 1113 2770 occisum

122 2791 210 2849 etiarn
225 2811 260 2849 ex
275 2792 335 2868 ipso
355 2793 459 2851 Clodio
481 2793 624 2863 audirent,
639 2793 722 2851 etita
742 2813 805 2852 esse
825 2803 968 2870 putarent,
982 2792 1114 2849 secerunt
1126 2789 1162 2845 30

120 2870 150 2926 id
181 2869 269 2946 [servi
296 2870 440 2950 Milonis‚]
472 2870 584 2947 (dicam
607 2873 695 2943 enim,
722 2893 780 2930 non
807 2872 956 2930 derivandi
984 2871 1114 2928 criminis

119 2948 221 3019 causat,
236 2951 286 3007 sed
302 2960 333 3007 ut
347 2951 457 3008 factum
481 2952 539 3027 est)
565 2970 658 3025 neque
682 2951 850 3028 imperante,
874 2972 967 3027 neque
992 2951 1112 3020 sciente,

117 3047 216 3100 neque
229 3038 369 3103 praesente
384 3029 511 3100 domino,
526 3031 602 3104 quod
625 3050 691 3088 suos
714 3031 835 3106 quisque
857 3051 952 3089 servos
966 3030 996 3087 in
1010 3029 1061 3087 tali
1081 3047 1113 3086 re

118 3107 220 3164 facere
234 3107 377 3164 voluisset.

159 3184 218 3242 Xl.
252 3185 337 3256 Haec,
353 3186 428 3243 sicut
446 3185 574 3262 exposui,
597 3187 637 3245 ita
660 3197 742 3282 gesta
755 3197 831 3257 sunt,
843 3186 975 3263 judices:
997 3184 1113 3242 insidia·
1125 3183 1161 3238 35

115 3275 161 3322 tor
178 3275 337 3339 superatuS,
352 3264 380 3321 vi
393 3266 471 3322 victa
485 3265 537 3336 vis,
551 3267 594 3322 vel
605 3268 700 3342 potius
719 3286 853 3341 oppressa
872 3265 976 3322 virtute
991 3263 1114 3321 audacia

115 3353 172 3402 est.
217 3343 299 3399 Nihil
319 3344 395 3414 dico,
411 3345 479 3418 quid
501 3346 664 3420 respublica
686 3355 843 3402 consecuta
866 3343 918 3412 sit;
940 3341 1022 3411 nihil,
1043 3341 1113 3414 quid

115 3443 187 3491 vos;
209 3420 292 3492 nihil,
306 3422 376 3497 quid
389 3442 490 3480 omnes
504 3423 589 3480 boni:
610 3424 681 3481 nihil
697 3420 767 3480 sane
783 3423 812 3479 id
829 3422 921 3498 prosit
935 3418 1049 3489 Miloni,
1063 3419 1113 3492 qui

115 3503 177 3560 hoc
192 3501 250 3559 fato
262 3510 347 3557 natus
361 3511 414 3572 est,
429 3511 511 3559 utne
526 3502 686 3578 sequidem
701 3520 814 3558 serrare
827 3499 959 3576 potuerit,
971 3497 1040 3572 quin
1054 3497 1113 3554 unit

115 3579 330 3656 rempublicam
351 3599 457 3655 vosque
479 3591 612 3638 servaret.
656 3581 688 3637 Si
711 3579 740 3635 id
759 3579 824 3654 jure
845 3599 903 3638 non
916 3586 1020 3654 posset,
1040 3576 1111 3635 nihil
1125 3591 1161 3645 4ο

115 3660 224 3729 habeo,
238 3659 313 3734 quod
336 3659 498 3716 defendam.
541 3660 594 3716 Sin
619 3659 675 3716 hoc
697 3666 727 3715 et
743 3658 815 3715 ratio
829 3658 931 3729 doctis,
946 3667 975 3715 et
988 3656 1113 3714 necessi·
1141 3688 1144 3695 ,

115 3751 164 3797 tas
180 3737 319 3808 barbaris,
334 3747 364 3795 et
377 3757 438 3795 mos
452 3737 596 3814 gentibus,
610 3747 640 3796 et
654 3736 722 3793 feris
735 3747 839 3795 natura
849 3738 919 3814 ipsa,
930 3736 1111 3814 prescripsit,

117 3828 151 3875 ut
165 3835 280 3875 ornnem
295 3835 406 3892 semper
428 3817 496 3887 vim,
511 3816 684 3891 quacunque
705 3835 759 3891 ope
781 3828 906 3892 possent,
922 3837 939 3875 a
953 3835 1079 3892 corpore,
1095 3835 1112 3874 a
