2702 4464
356 372 493 424 ORATIO
515 373 586 424 PRO
607 372 706 424 REGE
729 328 926 424 Dulovhrto.
1144 373 1186 434 85

186 518 228 575 At
247 517 325 574 misit
345 518 381 574 ad
403 517 565 588 Caecihnm,
580 517 680 575 nescio
698 536 800 593 quern:
822 519 872 575 sed
887 536 946 588 eos,
961 537 1032 592 quos
1046 515 1134 587 misit,

146 595 223 671 qudd
245 597 285 652 ire
305 598 469 667 noluerunt,
485 598 514 653 in
529 597 647 653 vincula
667 597 800 672 conjecit.
842 596 911 653 Non
925 614 1031 671 quaero,
1045 593 1133 670 qudrn

147 674 300 732 verisimile
321 675 367 746 sit,
382 686 432 732 aut
452 695 511 732 nou
533 675 668 732 habuisse
695 693 803 750 regem,
824 693 895 749 quos
916 675 1057 743 mitteret;
1086 682 1136 730 aut

147 772 207 823 eos,
228 772 298 827 quos
318 754 453 825 misisset,
473 772 532 811 non
553 753 698 829 paruisse3
729 766 786 823 aut,
807 753 856 829 qui
877 754 956 810 dicto
984 753 1135 809 audientes

148 831 332 889 intentare
354 851 412 889 non
434 832 565 902 fuissent,
586 850 636 888 eos
659 831 771 888 vinctos
791 830 887 906 potihs
907 829 993 906 qulam
1015 840 1135 888 necatos
1166 834 1185 888 5

148 910 244 967 fuisse.
287 911 346 968 Sed
367 921 464 967 tamen
485 908 554 967 crim
576 911 611 967 ad
632 909 785 967 Caecilium
803 911 942 980 mittebat,
957 908 1053 967 utrhm
1067 928 1136 967 cau-

147 1007 209 1045 sam
231 989 310 1045 illam
331 989 436 1046 victam
456 1008 520 1046 esse
542 989 701 1058 nesciebat,
716 1006 753 1045 an
775 989 927 1045 Caecilium
948 988 1034 1045 istum
1056 1006 1135 1064 mag·

147 1085 219 1124 num
240 1067 386 1124 hominem
405 1068 545 1143 putabatl
565 1085 650 1142 quern
671 1065 800 1142 profectd
822 1067 856 1137 is,
875 1067 924 1142 qui
943 1065 1051 1142 optime
1072 1085 1136 1123 nos-

148 1155 208 1202 tros
228 1145 360 1202 homines
380 1147 468 1215 novit,
489 1147 533 1203 vel
554 1146 622 1221 quia
648 1145 756 1215 ndsset,
777 1146 820 1202 vel
849 1146 916 1220 quia
942 1164 1000 1202 non
1027 1144 1135 1215 nosset,

148 1232 356 1282 contemneret.
397 1225 524 1282 Addidit
550 1224 637 1281 etiam
667 1224 748 1294 illud,
782 1223 892 1298 equites
922 1242 981 1281 non
1013 1224 1136 1298 optimos
1151 1220 1186 1274 1⁰

147 1301 277 1359 misisse:
300 1312 422 1381 veteres,
444 1304 541 1373 credo,
563 1303 678 1372 Cesar3
707 1302 779 1360 nihil
801 1302 836 1359 ad
858 1312 938 1358 tuum
957 1302 1134 1376 equitatum:

147 1382 199 1437 sed
213 1381 291 1438 misit
301 1400 338 1438 ex
351 1381 396 1454 iis,
410 1401 482 1456 quos
496 1381 605 1451 habuit,
616 1382 733 1438 electos.
775 1380 827 1437 Ait
840 1380 940 1437 nescio
953 1399 1037 1455 quern
1051 1399 1088 1437 ex
1101 1399 1136 1438 eo

147 1478 269 1517 numero
276 1478 389 1516 servum
398 1460 570 1535 judicatum.
601 1458 670 1516 Non
679 1459 816 1516 arbitror:
838 1478 896 1516 non
908 1459 1021 1516 audivi:
1042 1459 1092 1515 sed
1105 1458 1135 1514 in

147 1556 193 1608 eo,
208 1537 296 1594 etiam
310 1538 335 1594 si
349 1539 514 1608 accidisset,
529 1538 644 1613 culpam
658 1537 735 1614 regis
748 1538 856 1594 nullam
872 1537 959 1594 fuisse
974 1537 1134 1594 arbitrarer.

188 1615 244 1673 lx.
279 1617 386 1675 Alieno
408 1627 536 1673 autema
554 1625 582 1673 te
602 1617 698 1673 animo
715 1616 776 1673 fuit.
817 1616 992 1677 Quomodol
1034 1617 1136 1689 Spera·
1151 1618 1186 1671 15

149 1693 199 1765 vit,
215 1694 330 1774 (credo)
345 1695 479 1753 difficiles
499 1694 552 1752 tibi
573 1696 760 1752 Alexandriae
774 1696 834 1752 fore
848 1694 952 1765 exitus,
965 1704 1079 1770 propter
1093 1712 1136 1750 re·

148 1773 242 1849 gionis
261 1785 393 1831 naturam
414 1785 444 1831 et
464 1773 600 1830 fluminis.
642 1773 684 1830 At
703 1792 739 1830 eo
759 1773 820 1848 ipso
839 1782 967 1847 ternpore
980 1772 1136 1848 pecuniam

149 1852 245 1920 dedit3
267 1853 426 1909 exercitum
448 1853 535 1910 aluit:
557 1852 595 1923 ei,
610 1871 694 1926 quem
716 1852 796 1908 Asiae
816 1853 997 1927 praefeceras,
1011 1850 1091 1907 nullri
1106 1849 1136 1906 in

150 1948 181 1986 re
195 1930 301 1987 defuit:
323 1932 376 1988 tibi
390 1931 503 2000 victori,
518 1948 576 1988 non
597 1928 691 1988 solrim
712 1932 748 1987 ad
770 1931 934 2004 hospitium,
949 1930 999 1986 sed
1015 1931 1050 1986 ad
1064 1928 1137 2005 peri-

151 2009 249 2065 culum
263 2010 360 2080 etiam,
375 2020 461 2085 atque
475 2010 511 2066 ad
527 2010 631 2079 aciem,
645 2008 748 2084 praestd
763 2009 824 2067 fuit.
867 2010 1005 2066 Secutum
1020 2018 1064 2065 est
1077 2007 1136 2064 bel·
1149 2005 1187 2061 20

151 2085 211 2143 lum
232 2086 412 2145 Africanum.
453 2089 563 2146 Graves
589 2089 626 2145 de
645 2099 675 2145 te
695 2102 823 2147 rumores
843 2087 952 2163 sparsi3
980 2087 1029 2162 qui
1049 2086 1137 2143 etiam

152 2165 290 2223 furiosum
311 2166 392 2224 illum
412 2167 564 2224 Caecilium
588 2168 795 2225 excitaverunt.
836 2167 906 2228 Quo
929 2183 991 2224 tum
1015 2183 1084 2244 erga
1108 2176 1137 2223 te

151 2263 203 2301 rex
224 2244 320 2301 animo
341 2245 415 2303 fuitl
436 2245 485 2321 qni
507 2246 690 2303 auctionatus
711 2247 757 2317 sit,
772 2265 892 2321 seseque
906 2244 1064 2320 exspoliare
1079 2262 1138 2300 ma-

152 2322 247 2392 luerit,
255 2320 348 2396 qudm
362 2324 414 2382 tibi
427 2325 580 2398 pecuniam
596 2344 654 2382 non
668 2324 879 2382 subministare.
921 2324 963 2381 At
975 2342 1020 2393 eo,
1036 2322 1137 2397 inquit,

152 2412 280 2475 ternpore
302 2400 364 2476 ipso
385 2400 517 2459 Nicaeam
538 2402 742 2479 Ephesumque
766 2404 907 2473 mittebat,
934 2401 983 2476 qui
1009 2419 1138 2457 rumores
1151 2405 1187 2459 2⁵

153 2479 309 2536 Africanos
330 2480 507 2555 exciperent,
522 2493 550 2538 et
569 2482 701 2539 celeriter
726 2483 762 2538 ad
789 2501 820 2539 se
846 2481 994 2537 referrent.
1036 2478 1138 2553 Itaque

151 2554 222 2613 crim
243 2567 318 2615 esset
338 2557 367 2614 ei
387 2559 565 2631 nunciatum,
580 2560 742 2619 Domitium
756 2560 906 2635 naufragio
918 2559 1048 2633 periisse,
1062 2566 1091 2613 te
1105 2557 1136 2613 in

148 2636 272 2693 castello
294 2636 513 2707 circumsideri,
550 2640 587 2696 de
613 2638 742 2697 Domitio
763 2638 835 2695 dixit
862 2656 974 2695 versum
1002 2636 1138 2693 Graecum

150 2714 254 2771 eidem
269 2715 422 2788 sententid,
437 2716 494 2791 qud
508 2718 595 2774 etiam
610 2737 663 2775 nos
678 2719 817 2775 habemus
831 2716 986 2774 Latinum:

306 2850 322 2876 ‘⁶
331 2845 438 2895 Pereant
448 2847 532 2918 sinici,
543 2848 604 2896 dum
615 2850 666 2898 und
677 2849 773 2897 inimici
784 2849 934 2897 intercidant
942 2846 967 2894 .”
1151 2840 1189 2895 30

149 2951 226 3026 quod
246 2951 304 3021 ille,
319 2951 343 3008 si
364 2962 441 3009 esset
461 2952 514 3009 tibi
536 2952 762 3025 inimicissimus,
778 2973 924 3028 nunquam
939 2963 1036 3010 tamen
1051 2952 1138 3009 ‹lixis-

151 3042 202 3086 set.
245 3029 311 3104 Ipse
334 3031 414 3087 enim
439 3043 622 3089 mansuetus:
656 3052 753 3089 versus
777 3033 918 3090 immanis.
960 3030 1024 3093 Qui
1043 3042 1139 3087 autem

151 3107 281 3165 Domitio
300 3119 412 3184 poterat
431 3129 496 3166 esse
518 3106 638 3181 amicus,
652 3112 701 3187 qui
714 3111 766 3168 tibi
780 3123 857 3168 esset
870 3111 1026 3169 inimicusl
1067 3108 1139 3166 Tibi

151 3205 235 3262 porro
256 3186 393 3244 inimicus
414 3207 467 3245 cur
488 3198 574 3259 esset,
590 3188 757 3265 aquosum
773 3191 817 3247 vel
832 3189 967 3258 interfici,
982 3188 1049 3244 belli
1063 3187 1137 3262 lege,

150 3265 298 3400 potuisqet,
313 3285 412 3342 regem
425 3276 454 3324 et
467 3286 511 3335 se,
526 3277 555 3325 et
569 3268 658 3325 filium
673 3288 767 3340 suum,
779 3269 949 3326 constitutos
962 3285 1026 3324 esse
1040 3266 1139 3321 memi-
1152 3275 1190 3329 35

151 3344 242 3401 nisset

190 3422 273 3483 Quid
287 3421 414 3480 deindel
442 3423 558 3483 furcifer
580 3424 638 3501 qud
658 3425 860 3502 progrediturl
893 3424 955 3490 Ait,
970 3422 1027 3478 hac
1040 3420 1140 3478 taeriria
1211 3470 1218 3481 s

151 3500 320 3559 Deiotarum
341 3501 459 3573 elatum,
474 3504 541 3561 vino
561 3523 592 3561 se
612 3503 797 3574 obruissem
821 3502 1008 3576 convivioque
1030 3500 1140 3557 nudum

151 3579 308 3637 saltavisse.
349 3579 427 3640 Quae
453 3600 526 3639 crux
552 3583 621 3641 huic
649 3582 767 3658 fugitivo
793 3593 888 3657 potest
914 3581 983 3637 satis
1007 3578 1139 3655 supplicii

153 3658 275 3715 afferret
309 3657 478 3716 Deiotarum
499 3662 650 3718 saltantem
672 3661 831 3736 quisquam,
855 3659 1045 3729 antemium,
1070 3658 1140 3716 vidit
1153 3666 1189 3719 40

152 3738 300 3812 unquaml
333 3736 447 3794 Omnes
468 3752 536 3797 sunt
558 3740 587 3796 in
610 3740 658 3797 illo
681 3759 747 3815 rege
763 3739 849 3814 regiae
863 3740 982 3796 virtutes
997 3735 1085 3814 (quod
1100 3747 1140 3806 te,

152 3815 263 3885 cesar,
279 3815 411 3891 ignorare
425 3837 482 3874 non
499 3819 644 3898 arbitror),
658 3819 709 3876 sed
722 3818 868 3894 precipue
883 3817 1035 3894 singularis
1048 3826 1078 3872 et
1093 3817 1141 3873 ad·

153 3894 286 3953 miranda
305 3893 470 3970 frugalitas:
500 3898 554 3955 etsi
575 3899 631 3955 hoc
652 3898 739 3956 verbo
758 3897 820 3955 scio
846 3897 957 3955 laudari
978 3914 1061 3972 reges
1082 3914 1140 3953 non

390 3973 411 4031 8
