2658 4468
376 382 513 433 ORATIO
535 381 573 431 tu
597 382 635 431 M.
657 383 861 433 AN'I'ONIUM.
1110 386 1165 443 141

122 525 214 596 dam·
235 534 277 598 ιιι,
292 525 316 583 si
330 525 434 601 sapius
448 526 655 583 decertandum
679 525 716 583 sit
731 525 777 603 (ut
797 525 877 604 erit),
898 544 1011 600 semper
1025 545 1116 583 novus

122 605 259 662 veniam:
290 623 376 680 quam
406 605 574 663 facultatem
603 604 674 660 mihi
702 606 854 662 multitudo
881 605 962 662 istius
983 604 1115 662 vitiorum

122 693 367 759 peccatorumque
379 682 508 759 largitur.

164 761 284 820 XVIII.
320 762 413 821 Visne
433 762 521 838 igitur
540 770 570 818 te
590 760 778 835 Inspiciamus
799 781 816 818 a
837 765 949 838 puerol
993 763 1044 820 Sic
1057 762 1116 837 opi·

123 859 186 898 ner.
228 842 257 897 A
280 840 422 917 principie
444 841 597 898 ordiamur.
640 839 777 898 Tenesne
798 841 945 911 memoria,
969 851 1117 917 praetexta-
1149 850 1168 904 5

38 958 54 971 „
123 929 188 976 tum
208 927 238 976 te
258 919 428 977 decoxissel
468 917 603 988 Patris,'
595 919 719 992 inquies,
735 918 789 975 ista
813 919 898 995 culpa
911 929 962 976 est.
1005 921 1117 977 Conce-

125 999 181 1055 do:
203 998 311 1056 etenim
324 1007 368 1056 est
379 998 590 1074 pietatisplena
603 996 741 1054 defensio.
783 996 860 1054 Illud
874 1007 970 1055 tamen
987 1000 1117 1055 audaciae
1203 992 1213 1011 ⁰

125 1087 194 1147 tuae,
208 1075 286 1151 qubd
301 1077 400 1134 sedisti
414 1078 444 1134 iu
459 1076 676 1152 quatuordecim
689 1075 847 1146 ordinibus,
863 1074 930 1133 cbm
954 1087 1039 1147 esset,
1053 1077 1117 1152 lege

126 1155 249 1226 Roscia,
263 1155 463 1213 decoctoribus
487 1165 582 1212 certus
605 1155 686 1211 locus
710 1155 890 1226 constitutus,
905 1155 1034 1231 quamvis
1054 1155 1117 1230 quis

127 1234 248 1291 fortune
262 1234 340 1305 vitio,
354 1252 412 1291 non
426 1253 487 1305 suo,
502 1232 670 1290 decoxisset.
1136 1246 1170 1300 10

168 1313 322 1388 Sumpsisti
336 1312 447 1370 virilem
468 1324 575 1389 tegam,
599 1331 686 1386 quam
710 1312 806 1370 statim
830 1313 1000 1370 muliebrem
1021 1323 1118 1389 togam

126 1391 295 1448 reddidisti:
325 1390 419 1467 primb
448 1392 565 1487 vulgare
593 1402 735 1448 scortum:
765 1401 845 1448 certa
873 1391 975 1467 flagitii
996 1411 1117 1462 merces,

126 1489 184 1527 nec
198 1486 341 1546 caparra.
384 1471 442 1527 Sed
458 1469 516 1527 citb
531 1470 622 1527 Curio
636 1470 797 1539 intervenit,
813 1469 862 1544 qui
881 1480 909 1526 te
925 1489 941 1526 a
955 1470 1119 1528 meretricio

125 1558 257 1631 quaestu
254 1548 387 1618 abduxit3
410 1558 439 1606 et
441 1558 601 1624 ,tanquam
615 1549 717 1606 stolam
731 1516 890 1620 dedisset,
882 1569 912 1606 m
937 1549 1119 1606 matrimonio

126 1627 225 1684 stabili
239 1637 268 1684 et
282 1637 360 1685 certo
373 1627 485 1686 locavit.
1137 1638 1171 1690 15

167 1705 265 1764 Nemo
284 1725 411 1781 uuquam
431 1726 512 1783 puer,
533 1716 646 1782 emptus
666 1705 796 1765 libidinis
818 1706 991 1777 cassatam
1012 1705 1094 1765 suit
1088 1725 1118 1762 m

127 1784 238 1842 domini
257 1795 406 1860 potestate,
428 1784 514 1861 quim
534 1795 566 1845 tu
594 1785 623 1842 in
651 1784 794 1844 Curionis.
843 1785 969 1847 Quoties
988 1795 1018 1843 te
1037 1795 1119 1874 pater

127 1865 191 1939 ejus
205 1863 290 1921 dome
309 1863 362 1920 sua
382 1863 488 1940 eJ'ecitl
508 1864 620 1939 quoties
639 1866 773 1922 custodes
792 1865 895 1942 posuit,
917 1885 954 1922 ne
973 1863 1084 1921 limen
1077 1883 1120 1920 rn-

127 1943 241 1999 traresl
263 1940 330 1999 crim
344 1953 376 1999 tu
389 1952 497 2013 tamen,
511 1949 597 2000 nocte
612 1942 702 2015 socia,
716 1944 847 2002 hortante
870 1944 990 2001 libidine
993 1962 1120 2019 ,cogen-

126 2031 157 2078 te
171 2022 315 2092 mercede,
328 2041 380 2097 per
394 2022 505 2098 tegulas
519 1989 718 2080 demitterere:
739 2043 803 2099 quae
821 2022 932 2099 flagitia
949 1989 1050 2079 doinus
1071 2021 1120 2078 illa
1135 2026 1171 2080 2⁰

126 2098 238 2156 diutius
251 2099 325 2157 ferre
339 2120 396 2158 uon
410 2101 509 2176 ροιιιίι
552 2101 665 2172 Scisne,
680 2120 726 2159 me
748 2104 785 2160 de
806 2102 893 2159 rebus
916 2101 987 2158 mihi
1007 2100 1120 2157 notissi-

126 2178 185 2235 mis
214 2177 335 2235 dicerel
375 2179 543 2238 Recordare
569 2190 682 2256 tempus
715 2181 796 2252 illud,
824 2177 891 2237 erim
921 2190 1002 2256 pater
1030 2179 1121 2235 Curio

126 2275 254 2313 moerens
270 2256 414 2332 J'acebat'
407 2277 437 2316 ιιι
457 2258 551 2317 lecto:
573 2258 658 2330 filius,
679 2278 710 2316 se
732 2261 767 2316 ad
793 2259 882 2336 pedes
902 2277 981 2315 meos
1000 2269 1121 2332 proster-

126 2355 212 2405 nens,
226 2335 397 2411 lacrymans,
412 2346 441 2394 te
461 2337 532 2394 mihi
553 2338 789 2408 commendabat3
810 2338 920 2407 orabat,
932 2346 963 2392 ut
976 2340 1010 2392 ιιι
1020 2347 1120 2392 contra

126 2432 214 2471 suum
234 2425 354 2505 patrem,
375 2416 399 2472 si
420 2416 591 2473 sestertium
611 2416 742 2492 sexagies
768 2425 888 2491 peteret,
917 2414 1118 2471 defenderem.
1136 2430 1172 2484 25

126 2503 243 2550 tantum
262 2493 340 2550 enim
361 2513 393 2551 se
411 2514 463 2570 pro
490 2505 519 2552 te
540 2495 745 2552 intercessisse.
799 2493 865 2569 lpse
894 2503 1001 2563 autern,
1023 2511 1119 2550 amore

128 2572 244 2642 ardens,
260 2572 457 2644 confirmabat,
474 2572 553 2647 qubd
574 2573 750 2630 desiderium
763 2573 806 2630 tui
827 2572 943 2630 discidii
967 2571 1041 2629 ferre
1061 2591 1118 2630 nou

126 2660 233 2726 posset,
248 2670 279 2708 se
293 2651 323 2708 in
337 2651 469 2709 exsilium
483 2672 546 2710 esse
561 2651 676 2709 iturum.

167 2728 239 2790 Quo
253 2749 307 2806 ego
320 2740 446 2806 tempere
460 2741 541 2788 tanta
555 2732 631 2788 mala
644 2730 851 2788 florentissimae
875 2730 990 2789 familia
1011 2729 1118 2802 sedavi,

127 2808 173 2864 vel
188 2806 282 2884 potius
296 2809 405 2866 sustuli.
446 2809 526 2867 Patri
540 2810 678 2885 persuasi,
692 2821 724 2867 ut
738 2830 777 2867 aes
801 2810 927 2868 alienum
948 2811 1000 2868 lilii
1021 2811 1119 2868 dissol·
1135 2822 1171 2877 30

127 2897 226 2945 reret.
247 2886 401 2945 redimeret
422 2889 643 2960 adolescentem,
665 2890 777 2946 summa
798 2909 848 2964 spe
869 2900 897 2947 et
919 2891 1006 2948 animi
1028 2889 1119 2947 etin·

129 2965 210 3041 genii
229 2967 391 3040 praeditum,
412 2967 455 3024 rei
476 2966 625 3025 familiaris
655 2968 857 3038 facultatibus3
886 2988 1010 3043 eumque
1032 2988 1049 3025 a
1068 2968 1119 3025 tua

128 3064 186 3101 non
207 3042 293 3101 modd
315 3045 519 3117 familiaritate,
534 3047 584 3102 sed
609 3047 697 3104 etiam
718 3047 931 3123 congressione,
945 3048 1039 3122 patrio
1054 3047 1119 3135 J'ure

128 3132 158 3178 et
171 3132 311 3197 potestate
323 3123 494 3198 prohiberet
537 3124 611 3181 Haec
624 3135 656 3182 tu
671 3124 738 3183 cirm
758 3146 808 3202 per
830 3145 875 3183 me
890 3136 955 3183 acta
975 3125 1120 3181 meminis·

128 3220 193 3271 ses3
215 3200 272 3257 nisi
303 3202 368 3273 illis,
390 3221 460 3277 quos
482 3203 620 3275 videmus,
641 3205 746 3280 gladiis
767 3203 936 3274 confideres,
957 3203 1119 3260 maledictis
1136 3213 1172 3266 35

128 3297 176 3336 me
189 3298 343 3355 provocare
358 3299 445 3337 ausus
458 3283 554 3339 essesl

168 3356 257 3415 XIX
293 3358 374 3415 Sed
363 3378 423 3434 Jam
438 3369 535 3435 stupra
549 3370 577 3417 et
591 3359 701 3437 flagitia
721 3359 869 3417 emittam:
891 3368 958 3416 sunt
978 3358 1119 3433 quaedam,

128 3455 192 3511 quae
207 3435 326 3494 honeste
341 3457 398 3495 nou
411 3457 526 3513 possum
547 3439 662 3496 dicere:
683 3449 714 3495 tu
736 3447 831 3494 autem
846 3437 881 3496 ed
902 3438 1027 3507 liberior,
1042 3434 1120 3509 qubd

128 3534 164 3573 ea
178 3515 251 3572 inte
267 3515 406 3572 admisisti
410 3535 495 3606 ,quae
510 3536 527 3574 a
540 3516 725 3575 verecunde
718 3515 837 3573 mimico
861 3516 960 3573 audire
982 3535 1038 3572 uon
1059 3535 1121 3591 pes·

127 3613 182 3650 ses.
226 3594 285 3651 Sed
299 3561 441 3670 reliquuln
455 3595 519 3653 vitae
534 3615 650 3653 cursum
670 3595 782 3651 videte?
803 3613 888 3669 quem
910 3594 1024 3669 quidem
1047 3595 1121 3653 cele-
1137 3602 1173 3658 lt)

127 3673 198 3730 riter
216 3672 416 3750 perstringam.
459 3675 507 3731 Ad
534 3676 597 3732 haec
623 3674 712 3743 enim,
740 3691 803 3746 quae
825 3674 854 3731 in
885 3672 963 3730 civili
983 3674 1068 3747 bello,
1090 3675 1120 3734 in

128 3751 262 3809 maximis
282 3752 449 3828 reipublicae
469 3753 602 3823 miseriis,
624 3753 703 3822 fecit,
732 3753 818 3809 etad
846 3772 882 3810 ea
909 3771 972 3829 quae
993 3756 1121 3829 quotidie

128 3830 209 3900 facit,
240 3831 358 3888 festinat
388 3832 510 3889 animus.
558 3833 646 3902 Quae,
676 3841 752 3908 pete,
773 3841 814 3903 ιιι,
836 3851 1000 3908 quanquam
1029 3834 1120 3891 multb

128 3909 240 3968 notiora
267 3909 348 3969 vobis
376 3908 464 3985 quam
493 3908 565 3968 mihi
592 3919 669 3982 sunt,
690 3920 787 3968 tamen
809 3910 855 3990 (ut
880 3911 988 3991 facitis)
1011 3911 1120 3970 attente

278 4194 285 4225 1
