2658 4468
399 330 536 383 ORATIO
558 332 595 381 1u
617 332 656 381 ll.
679 330 883 382 summust.
1127 326 1182 385 151

139 475 231 535 etiam
251 474 439 552 spectionem.
480 474 562 546 Esto,
589 476 646 533 hoc
673 473 823 551 imperiti:
854 493 910 532 nec
931 472 1009 532 euim
1030 481 1074 531 est
1095 470 1132 530 ab

141 554 261 613 homine
281 573 429 629 nunquam
452 554 548 612 sobrio
569 554 741 628 postulanda
761 554 933 630 prudentia:
962 553 1013 609 sed
1037 552 1133 608 videte

142 633 361 709 impudentiam.
416 631 519 690 Multis
547 630 614 690 aute
640 633 789 690 mensibus
817 633 847 689 in
869 641 971 689 senatu
992 630 1074 701 dixit,
1102 647 1133 686 se

142 711 302 769 Dolabellas
323 711 441 770 comitia
462 721 512 769 sut
530 711 740 788 prohibiturum
761 711 907 785 auspiciis,
922 720 972 767 aut
993 710 1022 766 id
1044 708 1134 765 lactu-

141 809 206 851 rum
233 808 307 860 esse,
327 790 403 864 quod
431 789 508 847 fecit.
561 790 765 866 Quisquamne
792 790 922 846 divinare
941 798 1044 864 potest,
1064 785 1133 863 quid
1166 787 1184 839 5

142 868 205 927 vitii
226 869 256 925 in
278 868 414 944 auspiciis
428 869 555 929 futurum
569 870 616 939 sit,
629 869 686 926 nisi
700 869 748 943 qui
764 869 800 926 de
814 869 888 925 coelo
902 885 1014 924 serrare
1029 865 1134 923 consti·

142 947 221 1005 tuitl
241 947 318 1022 quod
338 966 432 1022 nsque
445 948 514 1005 licet
534 948 659 1006 comitiis
677 967 728 1023 per
748 948 844 1023 leges;
865 957 904 1017 et,
919 945 1020 1019 siquis
1041 963 1135 1001 serva·

142 1026 194 1096 vit,
222 1045 281 1083 non
311 1026 416 1082 habitis
437 1025 571 1097 comitiis,
598 1027 649 1083 sed
669 1026 836 1101 priusquam
856 1025 1027 1094 habeantur,
1048 1023 1135 1079 debet

142 1104 288 1163 nuntiare.
342 1102 453 1165 Verum
474 1104 622 1181 implicata
641 1104 757 1161 inscitia
784 1103 962 1180 impudenti&
982 1112 1044 1171 est3
1079 1119 1135 1157 nec

143 1183 201 1241 scit
216 1183 292 1257 quod
308 1201 457 1259 augurem,
471 1203 527 1241 nec
541 1183 612 1240 facit
624 1183 700 1258 quod
721 1183 888 1259 pudentem,
902 1181 995 1238 decet.
1038 1181 1135 1254 Atque
1151 1174 1185 1227 10

142 1281 181 1318 ex
195 1261 244 1318 illc
257 1261 305 1319 die
325 1262 517 1321 recordamini
537 1261 609 1337 ejus,
625 1281 714 1337 usque
736 1260 772 1318 ad
793 1260 864 1318 Idus
886 1259 1017 1330 Martias,
1032 1278 1136 1316 consu·

143 1340 244 1399 latum.
284 1339 362 1403 Quis
376 1360 502 1416 unquam
521 1341 663 1416 apparitor
683 1350 742 1397 tam
764 1340 889 1411 humilis,
904 1348 963 1395 tam
985 1338 1135 1414 abjectusl

140 1417 228 1477 Nihil
242 1418 303 1494 ipse
322 1429 449 1495 poterat:
469 1420 568 1479 omnia
588 1419 723 1496 rogabat:
745 1428 833 1494 caput
853 1418 883 1475 in
905 1436 1033 1475 aversam
1054 1415 1135 1474 lecti·

143 1515 210 1557 cam
226 1496 366 1568 inserens,
382 1497 533 1568 beneficia,
547 1518 611 1572 quae
624 1498 772 1568 venderet,
788 1516 805 1553 a
818 1497 931 1573 collegd
944 1496 1068 1572 petebat,

184 1575 337 1639 XXXIII.
378 1576 460 1635 Ecce
478 1576 637 1634 Dolabellae
654 1576 835 1633 comitiorum
849 1575 921 1645 dies,
936 1575 1045 1632 sortitio
1064 1572 1185 1649 prm-15

143 1653 298 1729 segatium:
318 1654 453 1729 quiescit.
495 1655 711 1715 Renuntiatur:
733 1664 820 1711 tacet.
862 1653 959 1710 Prima
974 1653 1075 1711 classis
1089 1670 1136 1709 ro·

143 1743 246 1789 catur:
266 1733 464 1791 renuntiatur:
493 1733 599 1790 deinde
621 1732 667 1810 (ut
689 1732 806 1809 assolet)
828 1733 982 1808 suffragia:
1010 1741 1071 1789 tum
1093 1748 1136 1787 se·

13 1752 116 1932 ‘
144 1811 244 1869 cunda
269 1811 386 1869 classis:
417 1831 480 1888 quae
506 1813 604 1870 omnia
631 1809 718 1871 citius
745 1821 812 1868 sunt
839 1811 925 1881 lacta,
951 1808 1037 1885 qudm
1065 1808 1133 1866 dixi.

145 1889 289 1948 Confecto
308 1891 434 1967 negotio,
456 1891 549 1948 benus
574 1910 665 1967 augur
690 1889 827 1967 (Laelium
841 1890 967 1968 diceres)
983 1908 1054 1948 Acro
1080 1906 1134 1946 nrs

144 1969 247 2043 inquit.
288 1968 317 2026 Ο
338 1970 546 2044 impudentiam
569 1969 760 2046 singularem!
801 1969 884 2031 Quid
908 1969 1039 2025 viderasl
1086 1967 1135 2025 uid
1149 1961 1185 2016 ω

142 2048 297 2105 senserasl
330 2049 398 2123 quid
426 2048 575 2106 audierasl
603 2068 659 2106 nec
682 2049 760 2105 enim
788 2057 816 2105 te
843 2048 880 2104 de
906 2047 980 2105 coelo
1007 1988 1135 2104 servisse

144 2126 253 2197 dixisti,
275 2145 368 2202 neque
389 2127 474 2187 hodie
495 2127 578 2184 dicis.
620 2126 655 2184 Id
678 2127 764 2204 igitur
783 2127 900 2184 obvenit
928 2126 1038 2196 vitium,
1059 2124 1136 2201 quod

144 2214 177 2262 tu
188 2205 247 2299 pm
263 2205 402 2265 Calendis
416 2204 563 2264 Ianuariis
584 2205 711 2263 futurum
731 2224 795 2263 esse
815 2206 990 2280 provideras,
1004 2214 1035 2261 et
1053 2200 1135 2261 tantd

145 2294 214 2340 ante
242 2284 423 2358 praedixeras.
478 2285 556 2361 Ergo
589 2285 734 2363 (hercule)
763 2284 880 2361 magud,
908 2294 939 2340 ut
966 2301 1058 2358 spero,
1086 2279 1136 2338 tud

144 2360 241 2436 potiris
262 2360 347 2437 quim
367 2364 534 2438 reipublice
562 2363 736 2433 calamitate,
758 2362 913 2419 ementitus
933 2381 965 2418 es
989 2359 1135 2435 auspicia:
1149 2359 1186 2414 as

144 2440 323 2499 obstrinxisti
349 2442 486 2518 populum
519 2442 687 2500 &manum
713 2440 869 2516 religione3
905 2458 996 2515 augur
1024 2437 1136 2514 auguri,

145 2519 249 2576 consul
263 2521 385 2591 consuli,
399 2521 586 2578 obnuntidsti.
628 2519 705 2578 Nolo
724 2520 816 2594 plura,
830 2536 868 2575 ne
890 2528 957 2575 acta
976 2516 1136 2574 Dolabella

146 2597 245 2654 videar
265 2600 427 2656 convellere
438 2619 446 2669 3
467 2619 530 2675 quae
551 2617 672 2657 necesse
692 2608 736 2655 est
762 2597 917 2674 aliquando
943 2597 980 2655 ad
1007 2605 1137 2654 nostrum

146 2676 303 2752 collegium
317 2678 492 2735 deserantur.

188 2755 247 2812 Sed
275 2744 479 2832 'arrogantiam
514 2755 640 2814 hominis
679 2755 918 2829 insolentiamque
958 2754 1136 2832 cognoscite.
1150 2750 1188 2806 w

144 2832 299 2894 Quamdiu
320 2845 351 2892 tu
371 2835 458 2906 voles,
481 2835 599 2893 vitiosus
620 2836 723 2893 consul
745 2835 915 2905 Dolabella3
945 2854 1052 2905 rursus,
1067 2832 1136 2892 cirm

147 2911 235 2983 voles,
254 2913 340 2970 salvis
361 2914 498 2990 auspiciis
519 2924 641 2972 creatus.
684 2915 716 2972 Si
737 2914 809 2972 nihil
830 2925 883 2985 est,
898 2911 967 2971 oiim
988 2933 1080 2991 augur
1101 2913 1137 2971 iis

145 2991 243 3048 verbis
262 2992 386 3063 nuntiat,
400 2992 505 3068 quibus
528 3003 560 3052 tu
583 2993 741 3064 nuntiasti3
762 2993 899 3051 confitere
920 3003 959 3065 te,
973 2992 1042 3052 crim
1066 3011 1137 3050 sino

146 3088 202 3126 nm
224 3070 341 3141 dixeris,
356 3071 482 3128 sobrium
503 3091 561 3131 non
586 3072 692 3130 luisse:
713 3073 758 3129 sin
778 3082 823 3128 est
843 3071 1000 3147 aliquavis
1020 3073 1051 3130 in
1075 3071 1138 3129 istis

146 3148 253 3219 verbis,
267 3168 378 3224 eaquae
393 3150 439 3221 sit,
454 3169 547 3227 augur
561 3170 578 3208 a
592 3151 704 3227 collegat
717 3151 839 3226 requiro.
1150 3152 1188 3207 at

188 3227 258 3297 Sed,
273 3247 311 3284 ne
331 3227 414 3300 forte,
435 3248 473 3286 ex
499 3230 596 3287 multis
622 3230 710 3287 rebus
735 3229 824 3305 gestis
846 3227 888 3284 M.
917 3227 1049 3297 Antonii,
1076 3245 1138 3284 rem

147 3323 237 3363 unam
248 3306 470 3380 pulcherrimam
480 3309 622 3366 transiliat
631 3308 732 3376 oratic,
745 3307 780 3363 ad
795 3305 968 3380 Lupercalia
979 3305 1136 3361 veniamus.

187 3384 336 3443 XXXIV,
368 3386 437 3445 Non
448 3387 620 3458 dissimulat,
631 3386 731 3443 Patres
742 3383 924 3459 Conscripti:
947 3393 1064 3458 apparet
1074 3401 1145 3446 esse,

148 3473 345 3522 commotum:
369 3466 464 3536 sudat,
484 3466 590 3541 pallet:
611 3464 761 3540 quidlibet,
782 3462 868 3520 modd
889 3482 927 3519 ne
947 3471 1076 3533 nauseet,
1098 3462 1140 3519 sa·

148 3540 218 3611 ciat,
233 3543 310 3616 quod
324 3543 354 3601 in
367 3545 481 3618 porticu
502 3543 636 3601 Minucii
657 3541 735 3600 fecit.
775 3541 853 3603 Quas
866 3551 960 3616 potest
974 3560 1037 3599 esse
1051 3541 1140 3616 turpi·
1153 3541 1189 3596 40

147 3619 258 3679 tudinis
268 3630 355 3680 tantae
370 3622 519 3681 delensiol
560 3622 656 3697 Cupio
670 3620 786 3690 audire;
808 3629 840 3678 ut
850 3620 974 3691 videam,
983 3620 1032 3678 ubi
1046 3622 1140 3679 rheto-

148 3698 188 3756 ris
202 3708 282 3756 tanta
296 3719 418 3772 merces,
434 3702 484 3760 ubi
498 3720 619 3777 campus
639 3700 810 3770 Leontinus,
826 3709 970 3775 appareat.
1012 3700 1141 3760 Sedebat

148 3777 180 3834 in
207 3777 323 3836 Rostris
350 3780 464 3859 collega
487 3790 564 3852 tuus,
587 3780 710 3838 amictus
736 3779 804 3855 togd
829 3778 984 3855 purpurei,
1011 3779 1042 3837 in
1069 3779 1140 3838 selld

150 3855 248 3931 aurei,
263 3867 425 3918 coronatus.
468 3859 650 3931 Adscendis3
673 3859 789 3918 accedis
804 3859 839 3917 ad
861 3858 978 3932 sellam;
1001 3857 1056 3938 (ita
1075 3877 1140 3918 eras
