2658 4468
368 382 505 433 ORATIO
527 383 565 434 IN
587 384 624 432 M.
647 383 850 433 ΑΝΤΟΝΙΗΜ.
1093 387 1151 446 157

107 544 232 586 causam
246 544 315 584 esse
331 526 421 583 hastas
435 525 570 597 Caesaris,
585 525 671 584 aliam
685 526 867 585 confidentiae
881 537 912 585 et
931 526 1100 585 temeritatis

108 616 179 663 tuve.
221 605 289 662 Non
311 605 390 662 enim
411 615 440 661 te
462 605 595 663 dominus
615 603 701 663 modo
716 605 772 662 illis
795 600 921 678 sedium,
936 606 987 664 sed
1008 606 1102 681 quivis

109 685 236 750 amicus,
250 683 372 753 vicinus,
387 684 500 758 hospes,
515 694 690 758 procurator,
705 684 823 742 arcebit.

152 761 236 820 XLI.
270 762 313 820 At
324 759 411 836 quim
424 762 605 820 multosdies
618 762 648 820 iu
667 763 703 819 ei
716 762 783 819 villa
797 761 960 839 turpissime
975 772 1019 820 est
1038 781 1102 838 per·

110 841 289 898 bacchatus!
330 841 380 898 Ab
393 840 464 901 hora
478 840 563 897 tertii
576 841 736 911 bibebatur,
747 841 909 912 ludebatur,
924 841 1099 898 vomebatur.
1131 843 1151 896 5

111 919 141 976 Ο
156 929 235 976 tecta
249 919 311 994 ipsa
323 919 446 976 misera!
488 924 506 952 ‘⁶
516 916 617 981 Quam
630 919 738 994 dispari
752 919 869 977 domino
880 921 907 977 l''
922 958 929 972 .
944 963 952 977 .
967 962 975 977 .
991 962 997 977 .
1012 939 1101 994 quan·

111 1016 201 1072 quarn
226 997 368 1072 quomodo
391 997 445 1054 iste
468 997 619 1055 dominini
648 998 700 1055 sed
727 1007 823 1055 tamen
844 996 931 1073 qudm
953 1015 971 1054 a
993 998 1101 1073 dispari

111 1073 303 1133 tenebantur!
346 1076 514 1133 Studiorum
534 1075 613 1133 enim
635 1094 751 1133 snorum
765 1075 807 1132 M.
822 1076 915 1134 Varro
928 1075 1017 1132 voluit
1037 1094 1101 1132 esse

112 1154 196 1224 illud,
213 1173 272 1212 nou
293 1151 456 1226 libidinum,
479 1154 676 1213 diversorium.
724 1154 802 1216 Qua
824 1154 854 1211 in
877 1154 927 1211 illa
945 1154 1012 1211 villa
1034 1163 1100 1210 ants

113 1233 306 1290 dicebanturl
334 1252 399 1307 quae
420 1231 641 1309 cogitabanturl
669 1251 733 1308 qua
756 1232 847 1291 literis
867 1227 1150 1290 mandabanturl10

110 1311 178 1386 jura
191 1310 288 1386 populi
309 1310 447 1382 Romani,
462 1321 649 1369 monumenta
671 1310 822 1385 majorum,
836 1311 931 1369 omnis
952 1310 1100 1386 sapientia

113 1390 197 1460 ratio,
210 1389 361 1464 omnisque
382 1390 530 1447 doctrina.
572 1390 613 1446 At
626 1388 704 1460 verd,
718 1399 747 1446 te
768 1389 918 1464 inquilino,
934 1389 1101 1465 (nonenim

113 1467 245 1546 domino)
272 1469 464 1543 personabant
487 1468 585 1527 omnia
610 1468 729 1526 vocibus
755 1468 916 1525 ebriorum:
961 1468 1101 1525 natabant

111 1547 278 1621 pavimenta
302 1546 385 1604 vino:
420 1546 576 1605 madebant
599 1547 740 1622 parietes:
775 1546 896 1622 ingenui
923 1546 1005 1621 pueri
1032 1564 1100 1602 cnm

113 1625 276 1696 meritoriis,
287 1636 383 1682 scorta
393 1624 467 1685 inter
478 1625 729 1692 matres-familias,
739 1625 935 1683 versabantur.
977 1624 1100 1682 Cassino
1115 1624 1149 1680 1³
1164 1624 1167 1633 ’

112 1703 268 1761 salutatum
294 1704 458 1775 veniebant,
486 1704 614 1780 Aquino,
641 1703 820 1761 Interamnri.
877 1702 1031 1761 Admissus
1056 1711 1101 1761 est

112 1800 210 1838 nemo,
258 1782 277 1838 J
280 1801 330 1839 ure
344 1783 372 1839 id
386 1784 520 1858 quidem:
541 1783 571 1839 in
586 1782 702 1843 homine
722 1782 801 1840 enim
813 1781 978 1858 turpissimo
990 1781 1101 1839 obsole-

114 1858 185 1916 bant
198 1860 346 1936 diguitatis
360 1861 494 1938 insignia

154 1937 242 2009 cnm,
258 1939 325 1996 inde
346 1940 472 1997 Romam
494 1939 691 2017 proficiscens,
714 1939 750 1997 ad
764 1938 914 2015 Aquinum
936 1939 1099 2009 accederet,

112 2015 227 2074 obviarn
242 2018 269 2074 ei
282 2018 422 2094 processit
436 2017 482 2095 (ut
495 2029 539 2076 est
549 2018 683 2094 frequens
694 2018 899 2096 municipium)
911 2035 1018 2093 magna
1028 2015 1099 2074 saud
1113 2013 1151 2071 w

113 2096 275 2153 multitudo.
316 2098 358 2154 At
371 2097 424 2154 iste
444 2098 544 2172 operta
565 2098 672 2155 lectici
692 2097 767 2155 latus
780 2106 825 2155 est
844 2115 894 2171 per
907 2097 1054 2171 oppidum,
1068 2105 1101 2153 ut

113 2184 252 2231 mortuus,
294 2173 387 2233 Stulte
410 2176 588 2251 Aquinates:
617 2176 668 2233 sed
690 2186 787 2235 tamen
809 2175 839 2232 in
854 2175 900 2231 via
921 2174 1099 2232 habitabant.

112 2252 197 2313 Quid
220 2253 391 2329 Anagninil
420 2254 480 2329 qni,
503 2253 691 2315 clamassent
713 2254 799 2324 devii,
823 2252 1045 2322 descenderant,
1070 2263 1102 2310 ut

113 2330 212 2402 istum,
224 2341 360 2407 tanquam
371 2333 395 2390 si
405 2345 481 2391 esset
492 2334 603 2405 consul,
614 2334 780 2391 salutarent
815 2330 992 2388 Incredibile
1003 2330 1100 2400 dictn3

113 2420 211 2466 tamen
234 2410 309 2468 inter
331 2430 432 2471 ornnes
456 2414 616 2482 constabat,
638 2411 785 2468 nemiuem
809 2427 873 2466 esse
895 2408 1152 2478 resalutatum325

113 2489 273 2563 prasertim
294 2487 362 2548 crim
384 2491 455 2549 duos
476 2510 576 2549 secum
591 2489 763 2566 Anagninos
784 2487 913 2557 baberet,
936 2485 1101 2544 Mustellam

114 2576 145 2623 et
168 2566 332 2638 Laconem3
362 2589 483 2643 quornm
507 2571 578 2627 alter
601 2570 763 2645 gladiorum
789 2576 833 2623 est
858 2565 1004 2640 princeps,
1030 2566 1102 2623 alter

113 2645 292 2721 poculorum.
326 2648 408 2708 Quid
423 2668 477 2726 ego
491 2648 647 2722 illusistius
658 2646 751 2703 minas
766 2643 1011 2719 contumeliasque
1025 2664 1102 2702 com·

114 2743 285 2795 memorem,
299 2725 403 2800 quibus
423 2728 554 2785 invectus
568 2736 612 2783 est
632 2727 661 2783 in
677 2725 832 2795 Sidicinos,
846 2723 959 2781 vexavit
971 2723 1102 2781 Puteola·

113 2821 178 2873 nos,
192 2800 269 2877 qndd
291 2804 326 2860 Ο.
342 2803 485 2875 Cassium,
507 2805 584 2880 quod
606 2805 720 2876 Brutos,
738 2815 873 2880 patronos
897 2802 1101 2879 adoptdssentl
1114 2800 1151 2855 30

113 2900 222 2956 magno
235 2882 351 2956 quidem
363 2882 483 2958 jndicio,
498 2884 602 2954 studio,
617 2883 827 2952 benevolentia,
842 2882 978 2951 caritate;
1000 2901 1058 2939 non
1070 2891 1102 2938 ut

113 2970 153 3030 te,
169 2969 201 3016 ut
214 2959 353 3031 Basilum,
364 2962 392 3018 vi
402 2973 431 3019 et
443 2963 538 3033 armis,
550 2972 579 3019 et
591 2962 660 3020 alios
672 2963 756 3019 vestri
768 2961 885 3032 similes,
896 2981 967 3037 qnos
981 2962 1102 3018 clientes

113 3057 202 3096 nemo
216 3039 323 3095 habere
337 3040 413 3111 velit,
429 3061 486 3098 non
501 3039 586 3098 modd
600 3061 663 3099 esse
678 3041 790 3100 illorum
804 3041 905 3098 cliens.

155 3116 254 3174 XLII.
289 3116 414 3190 Interea,
442 3120 511 3177 dnm
533 3131 565 3176 tn
587 3122 665 3189 abes,
687 3120 736 3196 qui
757 3120 819 3176 dies
840 3119 887 3175 ille
908 3117 1025 3192 collega
1046 3116 1098 3180 tui,

11 3186 12 3195 ¹
114 3193 184 3252 cum
199 3195 279 3266 illud,
293 3197 369 3272 quod
389 3207 420 3255 tn
434 3200 565 3257 venerari
585 3200 706 3268 solebas,
721 3198 837 3255 bustum
857 3197 887 3253 in
911 3196 970 3252 foro
983 3194 1099 3251 evertit!
1114 3199 1152 3253 35

114 3273 173 3348 quai
187 3292 218 3330 re
233 3274 285 3331 tibi
298 3275 441 3348 nuntiata,
457 3277 503 3353 (ut
516 3278 666 3335 constabat
677 3277 750 3333 inter
764 3294 823 3344 eos,
835 3273 883 3350 qui
898 3272 956 3329 uni
970 3272 1100 3349 fuerunt)

115 3352 279 3409 concidisti.
328 3353 411 3415 Quid
433 3356 562 3414 evenerit
583 3366 693 3430 postea,
718 3353 826 3411 nescio.
878 3351 990 3408 Merum
1015 3350 1103 3406 credo

114 3428 239 3487 valuisse
253 3440 283 3488 et
297 3450 384 3490 arma.
425 3434 575 3510 Collegam
595 3433 710 3509 quidem
730 3432 767 3488 de
781 3430 855 3488 coelo
875 3427 1041 3496 detraxisti3
1063 3426 1103 3483 es·

116 3508 277 3584 fecistique,
291 3529 350 3567 non
372 3521 403 3569 tu
417 3513 533 3587 quidem
546 3511 634 3571 etiam
656 3529 745 3581 nuuc,
760 3518 792 3566 nt
812 3508 849 3566 sit
862 3506 963 3564 similis
985 3505 1037 3576 tui,
1051 3506 1102 3561 sed

116 3584 208 3657 certe,
223 3597 254 3644 ut
268 3588 415 3647 dissimilis
428 3601 503 3648 esset
516 3590 570 3648 sui.
1115 3584 1152 3640 4⁰

155 3666 219 3728 Qui
239 3664 307 3724 verb
332 3668 441 3727 reditus
462 3669 530 3727 inde
552 3668 702 3726 Romami
733 3684 796 3741 qnae
816 3662 993 3740 perturbatio
1015 3662 1102 3721 totius

115 3744 216 3803 urbisl
258 3744 478 3804 Mimineramus
486 3749 613 3805 Cinnam
623 3745 709 3803 nimis
717 3750 874 3820 potentem,
885 3743 1103 3818 Sullampostea

116 3823 330 3891 dominantem
352 3823 438 3883 modd
452 3836 622 3903 regnantem
637 3825 783 3882 Caesarem
798 3821 968 3880 videramus.
1010 3821 1104 3878 Erant

116 3901 236 3961 sortasse
249 3901 350 3979 gladii,
357 3904 416 4037 lsqsd
439 3905 611 3976 absconditi,
626 3922 681 3963 nec
696 3903 737 3961 ita
750 3902 840 3963 multi.
882 3901 943 3959 Ista
956 3898 1025 3958 verb
1038 3918 1102 3975 quas
