2702 4464
148 369 190 428 6¹1
437 369 575 420 ORATIO
597 369 668 419 PRO
688 368 727 418 M.
748 368 958 418 MARCELLO.

198 513 318 571 dantes:
339 513 391 571 sed
405 524 501 571 tamen
516 532 552 572 ea
571 512 676 584 vicisti,
690 530 754 589 quae
775 523 908 571 naturam
928 521 958 569 et
978 512 1186 584 conditionem,

198 603 232 649 ut
245 592 323 649 vinci
336 603 463 669 possent,
478 593 640 650 habebant:
655 593 735 650 nulla
747 601 791 649 est
805 592 883 649 enim
897 601 980 648 tanta
992 591 1117 667 vis,quae
1126 611 1186 649 non

200 671 275 728 ferro
289 690 323 728 ac
335 671 442 728 viribus
452 672 595 729 debilitari
606 672 755 749 frangique
766 671 864 747 possit
905 669 1047 727 Animum
1058 671 1185 741 vincere,

199 750 380 807 iracundiam
395 751 540 822 cohibere,
555 750 703 807 victoriam
724 760 894 825 temperare,
910 749 1115 820 adversarium,
1136 768 1186 806 no-

167 828 321 899 5bilitate,
348 829 477 905 ingenio,
505 830 609 886 virtute
635 838 829 904 praestantem,
851 846 910 885 non
940 825 1027 885 modd
1048 828 1185 885 extollere

196 907 354 996 jacentem,
369 908 420 965 sed
441 908 528 966 etiam
544 907 720 983 amplificare
739 906 802 983 ejus
822 907 973 997 pristinam
993 906 1184 995 dignitatem3

201 988 265 1044 haec
288 986 336 1061 qui
359 986 456 1058 saciat,
479 1007 536 1045 non
557 1006 613 1063 ego
632 1006 699 1045 eum
720 1005 787 1044 cum
808 986 928 1043 summis
948 985 1016 1042 viris
1036 1004 1183 1062 comparo,

200 1066 251 1122 sed
265 1064 441 1122 simillimum
456 1065 521 1123 Deo
531 1065 640 1142 judico.

240 1142 352 1218 Itaque,
377 1144 412 1201 C.
427 1144 536 1215 Caesar,
551 1144 662 1200 bellicae
682 1155 739 1201 tue
759 1143 861 1200 laudes
881 1143 1111 1200 celebrabuntur
1129 1142 1185 1199 illae

152 1233 187 1286 10
200 1222 316 1298 quidem
328 1242 385 1279 non
400 1221 493 1279 solum
506 1222 620 1291 nostris,
635 1222 686 1278 sed
699 1221 774 1298 pene
795 1222 926 1280 omnium
939 1222 1080 1298 gentium,
1095 1221 1186 1278 literis

201 1312 285 1376 atque
307 1300 430 1376 linguis3
462 1319 555 1375 neque
583 1300 642 1358 ulla
670 1319 796 1375 unquam
827 1311 896 1357 aetas
916 1301 953 1357 de
974 1299 1032 1358 tuis
1052 1300 1186 1356 laudibus

201 1379 387 1436 conticescet.
430 1379 488 1435 Sed
503 1392 599 1436 tamen
608 1378 749 1454 ejusmodi
760 1399 815 1450 res,
827 1379 927 1436 nescio
937 1379 1089 1454 quomodo,
1098 1379 1186 1435 etiam

201 1455 269 1514 οιιιιι
282 1457 427 1533 leguntur,
441 1457 567 1533 obstrepi
580 1458 706 1515 clamore
720 1458 842 1515 militum
857 1458 999 1528 videntur,
1010 1468 1040 1514 et
1052 1457 1186 1514 tubarum
1211 1529 1214 1536 Ι

201 1555 280 1593 sono.
331 1535 373 1592 At
392 1533 471 1607 verb,
496 1533 563 1593 clam
593 1536 700 1612 aliquid
721 1537 888 1607 clementer,
911 1534 1073 1607 mansuete,
1097 1534 1186 1610 juste,

152 1621 187 1675 15
201 1612 360 1686 moderate,
369 1614 514 1690 sapienter
528 1616 647 1685 factum,
664 1615 708 1688 (in
722 1615 875 1673 iracundiis
889 1616 1057 1690 praesertim,
1068 1633 1131 1690 quae
1143 1625 1188 1671 est

201 1693 321 1750 inimica
341 1693 473 1764 consilio,
487 1703 517 1750 et
537 1694 567 1750 in
589 1694 718 1764 victoriis,
740 1714 804 1769 quae
824 1694 928 1751 natura
949 1694 1076 1750 insciens
1098 1703 1127 1750 et
1141 1712 1188 1750 su·

200 1773 290 1848 perba
302 1772 389 1868 estJ·
376 1782 426 1829 aut
440 1739 582 1844 addimus,
597 1783 647 1830 aut
659 1739 800 1862 legimus;
821 1792 877 1862 qno
888 1772 983 1830 studio
994 1771 1186 1843 incendimur,

200 1869 260 1908 nou
275 1851 389 1908 ιιιοιιο
381 1870 412 1908 ιιι
432 1851 522 1928 gestis
541 1819 638 1922 rebus,
653 1852 704 1908 sed
724 1852 811 1908 etiam
833 1852 863 1908 in
878 1851 963 1921 fictis,
978 1861 1010 1908 ιιι
1030 1870 1080 1908 eos
1100 1869 1186 1926 saepe,

200 1948 272 2004 quos
292 1949 441 2019 nunquam
461 1930 595 2002 vidimus,
621 1897 792 2006 diligamus!
834 1930 882 1987 Te
908 1927 987 2001 verd,
1011 1948 1097 2005 quem
1116 1948 1189 2004 prae·

150 2011 187 2064 20
202 2019 314 2064 sentem
335 2008 489 2080 intuemur,
505 2008 588 2084 cujus
609 2019 735 2065 mentem
755 2028 913 2083 sensusque
934 2018 963 2066 et
976 2028 1009 2066 os
1029 2008 1186 2079 cernimus,

201 2096 234 2143 ut
236 2086 395 2162 ‚quidquid
410 2088 477 2145 belli
491 2088 605 2145 fortuna
616 2087 757 2162 reliquum
771 2088 938 2163 reipublicae
952 2086 1063 2156 lecerit,
1078 2087 1108 2144 id
1122 2106 1186 2144 esse

201 2132 312 2223 salvum
325 2165 406 2238 velis,
420 2167 525 2242 quibus
537 2166 672 2224 laudibus
685 2166 858 2224 efferemusl
878 2166 982 2242 quibus
1003 2132 1105 2222 studiis
1125 2185 1188 2241 pro·

202 2247 377 2320 sequemnrl
397 2264 454 2321 qua
468 2245 669 2303 benevolentis
689 2246 937 2321 complectemurl
970 2244 1109 2315 Parietes,
1129 2263 1188 2301 me-

202 2323 267 2381 dius
281 2324 367 2381 fidius
369 2325 438 2400 ,(ut
452 2324 524 2381 mihi
537 2324 685 2402 videntur)
700 2325 786 2399 hujus
800 2324 899 2395 cnriae,
913 2323 966 2380 tibi
979 2324 1087 2400 gratias
1101 2341 1188 2400 agere
1219 2322 1220 2326 ’

151 2401 187 2454 25
201 2403 338 2478 gestiunt,
353 2404 429 2478 qnod
444 2403 522 2460 brevi
536 2413 664 2479 tempore
678 2403 774 2460 futura
787 2402 824 2459 sit
844 2402 894 2459 illa
913 2401 1069 2460 auctoritas
1089 2401 1120 2458 in
1141 2401 1187 2458 bis

201 2481 341 2556 majorum
356 2501 471 2539 suorum
485 2491 515 2539 et
528 2481 588 2539 suis
601 2481 727 2538 sedibus

241 2559 295 2618 IV
337 2560 490 2636 Equidem,
518 2559 586 2618 cum
614 2560 648 2617 C.
671 2559 814 2630 Marcelli,
836 2559 889 2617 viri
915 2558 1017 2634 optimi
1054 2568 1082 2615 et
1111 2578 1189 2616 com-

202 2638 380 2695 memorabili
392 2640 498 2713 pietate
511 2638 633 2713 praediti,
642 2639 785 2713 lacrymas
793 2636 880 2696 modd
890 2639 1038 2696 vobiscum
1050 2637 1187 2707 viderem,

202 2716 331 2773 omnium
359 2716 564 2774 Marcellorum
597 2735 694 2772 meum
728 2726 830 2791 pectus
863 2716 1002 2774 memoria
1037 2714 1185 2805 [obfudit]

151 2801 188 2856 00
202 2793 320 2855 Quibus
333 2803 364 2850 tu
373 2795 460 2851 etiam
474 2793 602 2864 mortuis,
613 2793 654 2850 M.
665 2793 806 2852 Marcello
825 2805 1003 2865 conservato,
1017 2794 1187 2870 dignitatem

203 2891 286 2928 suam
306 2872 475 2940 reddidisti,
497 2872 760 2961 nobilissimamque
781 2873 952 2945 familiam,
941 2893 1001 2950 Jam
1023 2874 1059 2929 ad
1079 2892 1188 2949 paucos

202 2950 449 3028 redactam-penti
464 2951 521 3007 ab'
514 2950 630 3008 interitu
646 2951 807 3008 vindicasti.
851 2952 941 3009 Hunc
955 2962 986 3009 tu
1008 2951 1094 3027 igitur
1108 2952 1186 3009 diem

202 3029 260 3085 tuis
282 3028 413 3085 maximis
434 3041 464 3087 et
484 3029 741 3087 innumerabilibus
761 3030 1000 3107 gratulationibus
1024 3030 1088 3106 jure
1109 3041 1188 3087 ante-
1225 3028 1231 3037 ’
1293 3105 1298 3115 ·

202 3126 300 3182 pones.
342 3107 416 3165 Haec
430 3108 507 3165 enim
529 3126 575 3164 res
596 3108 682 3165 unius
701 3118 745 3165 est
765 3109 880 3184 propria
900 3110 1043 3167 Caesaris:
1065 3119 1186 3180 caemrae,

152 3190 188 3244 35
202 3186 278 3243 duce
291 3196 320 3243 te
340 3197 439 3262 gestan,
453 3205 566 3262 magnae
586 3186 641 3243 illae
662 3188 788 3261 quidem,
809 3188 860 3244 sed
881 3199 978 3245 tamen
999 3188 1090 3245 multo
1109 3206 1188 3263 mag·

202 3283 296 3340 noque
316 3266 462 3322 comitatu.
511 3265 608 3341 Hujus
635 3276 730 3322 autem
757 3267 799 3323 rei
820 3276 851 3323 tu
872 3267 947 3323 idem
968 3276 998 3323 et
1017 3266 1076 3323 dux
1095 3285 1137 3335 es,
1158 3275 1187 3322 et

202 3363 318 3401 comes:
349 3363 413 3419 quse
438 3344 553 3419 quidem
575 3354 656 3401 tanta
676 3356 730 3414 est,
752 3355 784 3402 ut
804 3344 917 3420 tropaeis
938 3344 1187 3419 monumentisque

202 3423 260 3479 tuis
274 3423 395 3481 allatura
408 3423 495 3480 finem
509 3422 546 3480 sit
559 3433 629 3480 etas
655 3390 740 3500 (nihil
760 3423 839 3479 enim
862 3433 906 3480 est
925 3442 1012 3499 opere
1029 3433 1079 3480 aut
1098 3441 1187 3480 manu

203 3500 311 3558 sactum
315 3503 412 3577 ‚quod
432 3502 586 3592 aliquando
599 3520 658 3558 non
672 3501 808 3559 conficiat
821 3513 851 3559 et
863 3511 1014 3559 consumat
1027 3503 1185 3578 vetustasJ:

152 3576 188 3632 40
204 3588 232 3636 at
252 3578 320 3637 verb
341 3581 405 3638 haec
424 3591 475 3637 tua
492 3579 605 3655 justitia
624 3590 653 3636 et
673 3580 777 3637 lenitas
798 3580 887 3636 animi
908 3580 1040 3637 florescet
1059 3580 1187 3655 quotidie

202 3658 305 3732 magis,
330 3658 371 3715 ita
390 3668 432 3729 ut,
453 3669 592 3734 quantum
613 3658 747 3733 operibus
774 3657 832 3715 tuis
853 3658 1026 3716 diuturnitas
1046 3659 1186 3729 detrahet,

203 3745 265 3791 tant
254 3746 315 3792 tum
329 3737 430 3793 afferat
443 3737 584 3793 laudibus.
627 3736 665 3792 Et
679 3747 798 3806 caeteros
811 3737 926 3811 quidem
941 3755 1042 3794 omnes
1062 3736 1188 3794 victores

203 3812 343 3872 bellorum
357 3814 484 3871 civilium
496 3814 556 3889 jam
571 3813 638 3871 ante
653 3815 785 3889 equitate
799 3825 829 3872 et
849 3815 1046 3872 misericordia
1060 3814 1187 3872 viceras:

203 3892 343 3952 hodierno
362 3890 430 3950 verb
451 3893 500 3950 die
520 3902 548 3951 te
568 3892 662 3969 ipsum
682 3892 785 3951 vicisti.
825 3894 946 3967 Vereor,
967 3913 1005 3952 ne
1025 3895 1091 3966 hoc,
1111 3893 1189 3969 quod
