2702 4464
397 373 533 427 ORATIO
556 377 626 427 PRO
647 377 744 428 Luce
766 379 933 430 MANILIA.
1150 379 1213 457 ,49

176 520 352 600 diligentiis,
370 542 422 580 rex
434 522 525 597 ipsee
545 521 679 579 manibus
700 521 808 598 effugit
850 521 898 580 Ita
920 522 1002 580 illum
1025 522 1056 580 in
1068 541 1163 599 perse·

109 627 113 630 ⁴
176 603 282 678 quendi
295 602 389 659 studio
402 620 514 670 meror,
529 601 580 657 hos
599 600 708 671 laetitia,
722 601 885 658 retardavit.

217 681 316 752 Hunc,
338 680 369 737 in
396 680 445 737 illo
465 680 567 736 timore
588 689 617 736 et
638 678 717 754 ¹fugi,
739 679 897 755 Tigranes,
916 698 967 737 rex
993 678 1161 750 Armenius,

176 761 298 835 excepit,
320 757 553 832 diffidentemque
574 758 661 815 rebus
681 757 741 814 suis
762 757 950 829 confirmavit,
972 766 1002 815 et
1023 757 1161 814 afflictum

176 839 275 908 erexit,
288 838 488 913 perditumque
502 836 650 894 recreavit.
691 836 784 910 Cujus
797 836 828 894 iu
841 855 963 912 regnum
975 845 1160 912 posteaquam
1192 840 1211 893 5

178 916 209 973 L.
224 916 365 973 Lucullus
378 933 446 973 cum
460 914 589 972 exercitu
605 915 692 985 venit,
713 914 810 990 plures
831 915 919 972 etiarn
941 923 1041 991 gentes
1061 924 1162 972 contra

176 996 376 1070 imperatorem
386 1003 515 1051 nostrum
526 993 677 1051 concitatae
687 1003 763 1050 sunt
804 993 875 1050 Erat
883 994 962 1050 enim
970 1002 1063 1051 metus
1074 992 1162 1068 injec-

175 1083 222 1130 tus
242 1073 278 1130 iis
299 1072 473 1142 nationibus,
494 1090 566 1147 quas
586 1090 734 1147 nunquam
754 1073 874 1147 populus
895 1071 1046 1129 Romanus
1068 1090 1162 1145 neque

175 1152 359 1209 lacessendas
379 1150 454 1207 bello
466 1169 560 1225 neque
580 1150 732 1208 tentandas
751 1150 870 1226 putavit.
912 1149 984 1211 Erat
1003 1150 1091 1206 etiam
1105 1150 1162 1207 alin

175 1230 271 1306 gravis
284 1241 368 1305 atque
389 1229 544 1286 vehemens
564 1229 669 1305 opinio,
688 1248 751 1304 que
771 1248 823 1304 per
839 1229 949 1286 animos
962 1228 1091 1304 gentium
1099 1229 1162 1285 bar
1177 1238 1211 1292 10

175 1309 310 1365 bararurn
322 1317 494 1405 pervaserat,
509 1307 568 1364 fani
588 1307 804 1384 locupletissimi
818 1316 848 1364 et
866 1306 1073 1382 religiosissimi
1095 1307 1163 1364 diri·

175 1386 273 1462 piendi
287 1387 376 1444 causa
390 1386 420 1443 in
433 1404 484 1443 eas
500 1405 566 1444 oras
584 1396 714 1444 nostrum
733 1385 891 1443 exercitum
911 1404 975 1442 esse
996 1385 1160 1445 adductum.

176 1465 222 1523 Ita
234 1466 365 1523 nationes
378 1464 475 1522 multae
490 1474 574 1540 atque
587 1483 700 1541 magne
708 1484 781 1522 novo
788 1464 910 1539 quodam
922 1473 1028 1521 terrore
1038 1466 1073 1521 ac
1082 1474 1161 1522 metu

176 1545 402 1601 concitabantur.
437 1542 543 1600 Noster
555 1552 650 1600 autem
661 1543 815 1613 exercitus,
826 1542 880 1600 etsi
894 1543 994 1600 urbem
1008 1561 1045 1599 ex
1058 1541 1162 1618 Tigra-

174 1624 220 1680 nis
233 1642 323 1699 regno
337 1632 461 1697 ceperat,
477 1631 506 1678 et
525 1622 632 1698 proeliis
646 1641 715 1678 usus
728 1631 790 1678 erat
802 1621 947 1691 secundis,
961 1630 1058 1678 tamen
1071 1621 1161 1677 nimiis
1177 1625 1211 1678 15

174 1702 382 1778 longinquitate
395 1701 533 1770 locorum,
549 1719 583 1757 ac
597 1700 739 1758 desiderio
753 1718 878 1770 suorum,
893 1700 1132 1757 commovebatur.

215 1780 275 1837 Hic
286 1781 346 1855 jam
360 1779 442 1855 plura
455 1799 512 1836 non
527 1779 631 1835 dicam.
673 1778 742 1836 Fuit
756 1779 834 1836 enim
848 1779 920 1835 illud
939 1788 1108 1848 extremum,
1130 1787 1162 1835 ut

173 1878 212 1915 ex
224 1859 260 1915 iis
272 1859 375 1917 locisa
396 1858 535 1914 militibus
556 1858 660 1915 uostris
680 1859 789 1915 reditus
810 1857 902 1933 magis
922 1868 1061 1926 maturus,
1074 1855 1162 1931 quim

175 1938 318 2012 processio
338 1936 458 2013 longior,
480 1945 664 2010 quereretur.
707 1936 890 1993 Mithridates
914 1946 1010 1993 autem
1031 1944 1060 1992 et
1079 1953 1161 1992 suam

176 2034 293 2072 manum
304 2016 364 2090 jam
378 2015 577 2083 mutirmbrat3
598 2024 739 2073 eteorum
758 2016 808 2089 qui
828 2034 859 2071 se
873 2014 983 2089 exejus
1003 2032 1092 2090 regno
1105 2015 1162 2071 col·
1174 2014 1211 2068 20
1246 2045 1250 2050 ·

175 2093 315 2169 legerant,
338 2104 367 2151 et
393 2094 506 2170 magnis
533 2094 704 2151 adventiciis
723 2095 877 2152 multorum
896 2110 997 2169 regum
1017 2103 1046 2151 et
1071 2094 1162 2151 natio·

175 2191 245 2229 num
248 2173 354 2247 copiis
359 2172 518 2247 juvabatur
554 2172 685 2248 Hocjam
694 2172 753 2231 sere
763 2173 806 2229 sic
814 2172 876 2229 fieri
885 2172 975 2229 solere
986 2172 1160 2247 accepimus

120 2273 123 2277 ’
175 2260 209 2307 ut
222 2269 322 2326 regum
338 2250 450 2308 afflicte
465 2251 584 2308 fortune
606 2249 692 2308 facile
714 2252 868 2308 multorum
888 2269 956 2326 opes
976 2250 1105 2307 alliciant
1125 2252 1162 2307 ad

175 2329 402 2385 misericordiam
405 2328 604 2424 ‚maximeque
617 2348 725 2400 eorum,
739 2330 789 2404 qui
804 2339 853 2386 aut
865 2348 949 2404 reges
969 2338 1045 2398 sunt,
1061 2339 1110 2385 aut
1123 2330 1163 2386 vi·

175 2416 247 2463 vunt
261 2407 291 2463 in
306 2426 409 2482 regn03
430 2405 507 2480 qubd
520 2408 649 2484 regale
630 2428 666 2466 ιιι
690 2428 795 2467 nomen
816 2426 954 2483 magnum
976 2417 1006 2463 et
1030 2417 1161 2463 sanctum
1174 2403 1210 2457 2⁵

80 2528 86 2538 ι
176 2504 240 2542 esse
254 2485 392 2541 videatur
434 2484 534 2560 Itaque
548 2497 660 2543 tanturn
672 2487 766 2544 victus
780 2485 895 2543 efficere
908 2486 1008 2560 potuit,
1022 2494 1161 2574 quantum

176 2563 329 2621 incolumis
343 2582 488 2636 nunquam
502 2574 546 2621 est
560 2583 646 2622 ansus
658 2577 765 2641 optare
806 2564 836 2621 N
839 2583 895 2635 am,
910 2561 977 2620 ciam
998 2582 1029 2619 se
1050 2563 1079 2620 in
1099 2582 1162 2639 reg·

175 2661 245 2699 num
259 2642 408 2716 recipisset
420 2661 513 2712 suum
528 2663 585 2701 non
607 2644 661 2701 fuit
682 2664 717 2701 eo
739 2652 891 2701 contentus
911 2643 986 2717 quod
1008 2642 1036 2699 ei
1058 2653 1162 2718 praeter

175 2740 254 2796 spem
269 2721 424 2791 acciderat,
439 2731 471 2778 ut
484 2688 573 2791 illam,
588 2733 772 2798 posteaquem
785 2722 885 2798 pulsus
905 2731 976 2790 erat,
990 2731 1095 2778 terram
1109 2741 1162 2778 un·

174 2817 260 2873 quam
288 2800 456 2875 attingeret3
488 2801 539 2857 sed
560 2800 591 2858 in
611 2803 769 2859 exercitum
789 2810 923 2873 vestrum,
945 2800 1055 2858 clarum
1076 2810 1161 2876 atque
1173 2806 1210 2860 30

173 2878 321 2948 victorem,
336 2878 474 2954 impetum
490 2879 567 2935 fecit.

198 2957 307 3013 ‘Sinite
321 2958 375 3013 boc
389 2957 462 3028 loco,
476 2957 618 3029 Quirites,
635 2956 724 3035 (sicut
736 2961 828 3034 poeitae
849 2958 950 3029 solent,
972 2957 1021 3033 qui
1042 2977 1087 3016 res
1101 2958 1162 3015 Ro·

176 3053 274 3091 manas
295 3035 439 3112 scribunt)
467 3037 612 3111 praeterire
639 3055 686 3094 me
707 3047 832 3095 nostram
857 3037 1068 3106 calamitatem
1096 3055 1160 3110 quae

175 3123 253 3171 tanta
267 3113 330 3183 fuit,
345 3123 376 3170 ut
390 3132 455 3171 eam
469 3115 506 3170 ad
521 3133 605 3171 aures
619 3115 653 3171 L.
668 3115 784 3172 Luculli
798 3135 855 3172 non
870 3135 904 3172 ex
917 3114 1018 3190 proelio
1031 3115 1159 3184 nuntius,

174 3193 224 3249 sed
238 3211 273 3248 ex
287 3211 417 3249 sermone
437 3211 542 3262 rumor,
558 3193 679 3250 afferret.
722 3192 792 3264 Hic,
807 3194 836 3250 in
850 3194 911 3268 ipso
925 3195 973 3250 illo
992 3193 1077 3262 malo,
1098 3211 1161 3268 gra-
1172 3195 1209 3249 35

174 3270 345 3345 vissimdque
360 3271 427 3328 belli
440 3271 608 3341 offensione,
623 3271 657 3327 L.
672 3271 821 3342 Lucullus,
835 3273 884 3346 qui
898 3282 995 3328 tamen
1016 3270 1111 3344 aliqud
1124 3290 1161 3327 ex

173 3359 253 3424 parte
267 3349 302 3405 iis
323 3349 512 3406 incommodis
533 3350 643 3407 mederi
666 3349 784 3407 fortasse
805 3350 952 3425 potuisset,
967 3358 1060 3404 vestro
1078 3347 1160 3438 jussu

174 3437 301 3497 coactus,
318 3425 429 3504 (qudd'
423 3428 534 3503 imperii
549 3427 730 3485 diuturnitati
744 3429 860 3485 modum
874 3425 1057 3484 statuendum
1071 3426 1159 3483 veteri

173 3506 302 3581 exemplo
315 3507 476 3585 putavistis)
491 3516 601 3582 partem
621 3506 754 3577 militum,
776 3506 825 3581 qui
844 3505 903 3580 jam
925 3504 1073 3579 stipendiis
1094 3523 1160 3562 con·

174 3584 257 3641 fectis
276 3594 367 3654 erant,
382 3585 498 3655 dimisit,
513 3595 624 3661 partem
645 3584 794 3641 Glabrioni
816 3583 941 3640 tradidit.
983 3581 1078 3639 Multa
1090 3602 1160 3658 prae-
1172 3583 1208 3637 40

173 3673 252 3719 tereo
266 3630 413 3720 consultis:
442 3664 493 3720 sed
514 3683 551 3720 ea
571 3683 620 3720 vos
642 3662 808 3737 conjecturs
829 3661 999 3738 perspicitis,
1019 3671 1159 3737 quantum

173 3739 243 3796 illud
258 3741 365 3798 bellum
378 3739 535 3820 [futurum]
548 3741 665 3816 putetis,
679 3741 754 3814 quod
771 3739 946 3817 conjungant
966 3759 1049 3817 reges
1061 3752 1160 3817 poten·

172 3818 284 3889 tissimi,
299 3828 436 3877 renovent
450 3819 563 3895 agitate
577 3820 718 3890 nationes,
739 3819 896 3893 suscipiant
916 3821 1034 3895 integre
1047 3830 1157 3897 gentes,

171 3916 262 3955 novus
275 3898 429 4032 imperatog
441 3908 534 3954 vester
549 3898 683 3974 accipiat,
698 3907 794 3956 vetere
807 3898 888 3973 pulso
901 3898 1038 3957 exercitu.
