2702 4464
393 384 530 437 ORATIO
551 384 623 444 BRO
644 385 786 437 ARCHIA
808 385 936 435 POETA.
1164 386 1200 446 9]

162 529 188 586 si
202 529 266 588 hoec
278 548 341 600 vox,
354 528 440 605 hujus
453 530 567 587 hortatu
580 529 786 605 preceptisque
807 528 995 599 conformata,
1008 526 1155 586 nonnullis

165 608 317 684 aliquando
330 609 415 665 saluti
429 609 499 679 fuit3
521 626 608 684 aquo
621 608 651 665 id
665 609 840 684 accepimus,
854 626 911 683 quo
931 607 1044 664 caeteris
1063 607 1155 682 opitu·

82 696 88 703 '
163 687 217 743 lari
239 697 268 744 et
290 687 360 744 alios
380 705 495 745 servare
514 705 672 763 possemus,
693 687 762 744 huic
782 685 911 762 prolecto
933 686 997 762 ipsi,
1013 695 1153 760 quantum

163 775 208 823 est
221 767 307 823 situm
321 766 352 822 in
365 766 458 837 nobis,
473 775 503 822 et
514 784 598 842 opem
611 776 641 823 et
654 766 775 823 salutem
790 766 864 823 serre
877 766 1025 823 debemus.

202 846 260 915 Ao,
274 863 312 901 ne
330 844 394 919 quis
412 863 431 902 a
449 845 532 901 nobis
551 845 607 902 hoc
627 845 668 901 ita
687 843 746 901 dici
768 842 839 902 sorte
860 844 989 914 miretur,
1003 841 1081 919 quod
1096 843 1154 900 alia
1186 846 1205 900 5

163 923 295 996 quaedam
315 923 346 980 in
366 923 422 980 hoc
442 923 565 981 facultas
578 923 615 980 sit
628 923 749 999 ingenii,
764 941 858 997 neque
871 923 935 979 haec
948 922 1065 980 dicendi
1080 922 1153 979 ratio

163 1010 213 1058 aut
233 1001 404 1077 disciplina;
423 1021 460 1060 ne
481 1021 534 1059 nos
557 1001 674 1076 quidem
698 1001 767 1058 huic
785 1001 837 1058 uni
854 1001 950 1059 studio
967 1001 1082 1077 penitus
1101 1020 1153 1057 un·

161 1099 250 1154 quam
270 1080 361 1137 dediti
381 1080 495 1137 suimus.
537 1077 654 1137 Etenim
672 1098 774 1137 omnes
794 1090 880 1150 artes,
894 1098 957 1154 qun
972 1080 1008 1137 ad
1022 1079 1153 1136 humani·

162 1167 253 1215 tatem
278 1158 432 1234 pertinent,
456 1159 564 1216 habent
582 1158 726 1234 quoddam
747 1176 900 1216 commune
920 1158 1087 1227 vinculum3
1112 1167 1151 1228 et,

162 1237 244 1312 quasi
259 1237 430 1313 cognatione
444 1237 580 1311 quddam,
594 1238 713 1294 interae
727 1236 919 1305 continentur.
1171 1233 1205 1286 1⁰

202 1315 243 1372 ΙΙ.
279 1315 349 1387 Sed,
372 1335 410 1373 ne
437 1317 486 1373 cui
513 1316 639 1373 vestrum
663 1315 769 1372 mirum
790 1335 853 1373 esse
876 1315 1017 1386 videatur,
1041 1333 1098 1385 me,
1120 1314 1153 1372 in

162 1394 320 1467 quaestione
343 1394 484 1472 legitimis,
506 1404 536 1452 et
558 1395 589 1451 in
610 1393 722 1469 judicio
741 1394 867 1470 publico,
889 1391 958 1451 crim
981 1413 1028 1451 res
1051 1402 1152 1469 agatur

162 1472 238 1548 apud
259 1482 408 1548 praetorem
428 1473 526 1550 populi
547 1473 685 1542 Romani,
703 1472 892 1530 lectissimum
911 1472 1013 1543 virum,
1027 1480 1058 1530 et
1077 1471 1153 1547 apud

161 1551 356 1609 severissimos
367 1552 491 1627 judices,
505 1561 586 1609 tanto
606 1560 748 1608 conventu
769 1551 917 1608 homiuum
932 1568 967 1607 ac
981 1549 1151 1626 frequentia,

96 1684 99 1689 .
162 1630 218 1687 hoc
239 1630 281 1686 uti
301 1649 407 1706 genere
426 1631 553 1700 dicendi,
568 1630 643 1704 quod
657 1649 715 1686 non
728 1628 813 1687 modo
829 1648 846 1686 a
859 1630 1067 1687 consuetudine
1078 1628 1154 1704 judi·
1171 1629 1205 1684 15

162 1708 284 1779 ciorum,
298 1707 398 1766 renim
412 1710 501 1767 etiam
523 1727 541 1766 a
560 1708 666 1766 forensi
681 1727 822 1778 sermone,
837 1709 1005 1765 abhorreat:
1026 1724 1154 1782 quesoa

162 1788 253 1858 vobis,
268 1798 310 1858 ut,
328 1787 359 1845 in
380 1789 436 1845 hac
456 1787 557 1858 causi,
571 1787 643 1844 mihi
663 1787 738 1844 detis
757 1788 834 1844 hanc
853 1786 977 1858 veniam,
992 1803 1153 1844 accommo-

164 1866 262 1923 datam
282 1865 351 1924 huic
376 1886 435 1938 reo,
463 1868 544 1925 vobis
569 1865 824 1942 (quemadmodum
851 1867 946 1943 spero)
967 1885 1026 1923 non
1052 1864 1154 1922 moles·

165 1953 241 2012 tam;
269 1953 302 2000 ut
324 1963 380 2016 me,
400 1964 452 2021 pro
471 1964 584 2002 summo
603 1944 689 2020 poeta
716 1953 802 2018 atque
822 1944 1015 2002 eruditissimo
1037 1943 1153 2001 homine

166 2020 322 2092 dicentem,
338 2023 393 2080 hoo
407 2043 549 2082 concursu
564 2023 712 2081 hominum
725 2022 993 2093 literatissimorum,
1012 2023 1069 2079 hac
1093 2041 1153 2078 ves·
1169 2025 1206 2081 2⁰

166 2099 212 2156 trel
233 2100 419 2172 humanitate,
446 2103 502 2159 hoc
528 2102 653 2177 denique
675 2111 795 2177 pretore
821 2111 974 2158 exercente
998 2100 1152 2176 judicium,

165 2177 316 2253 patiamini
330 2179 366 2236 de
380 2180 481 2237 studiis
494 2180 682 2237 humanitatis
693 2198 729 2237 ac
738 2180 885 2237 literarum
894 2178 982 2255 pauld
992 2179 1070 2254 loqui
1083 2179 1154 2236 libe-

165 2254 244 2324 riirs;
266 2266 304 2326 et,
319 2256 350 2323 in
359 2257 498 2332 ejusmodi
507 2259 638 2338 persona,
649 2277 723 2333 que,
736 2268 849 2334 propter
862 2259 953 2316 otium
968 2277 1003 2315 ac
1016 2257 1143 2314 studium

165 2333 286 2392 minime
302 2335 332 2392 in
343 2335 462 2410 judiciis
481 2337 673 2412 periculisque
693 2346 817 2394 tractata
839 2346 893 2407 est,
907 2337 950 2393 uti
971 2334 1057 2411 prope
1080 2352 1154 2392 novo

164 2414 290 2487 quodam
304 2423 334 2471 et
354 2414 489 2472 inusitato
503 2434 608 2491 genere
622 2416 748 2473 dicendi.
788 2415 880 2476 Quod
900 2415 925 2471 si
941 2415 1012 2471 mihi
1035 2432 1053 2469 a
1073 2413 1153 2469 vobis
1170 2415 1206 2469 25

165 2491 254 2548 tribui
277 2492 457 2567 concedique
478 2494 614 2565 sentiam3
635 2495 784 2571 perficiam
803 2491 943 2570 profecto,
963 2501 996 2549 ut
1015 2492 1093 2548 hunc
1114 2491 1152 2548 A.

165 2569 323 2642 Licinium,
338 2591 397 2629 non
417 2570 502 2630 modb
522 2592 580 2631 non
600 2573 822 2650 segregandum,
836 2569 906 2629 crim
919 2571 956 2628 sit
970 2569 1050 2640 civis,
1066 2588 1084 2627 a
1101 2589 1154 2628 nu-

164 2667 244 2706 mero
264 2649 381 2720 civium,
396 2648 495 2709 verbm
514 2652 614 2723 etiam,
635 2653 659 2710 si
679 2672 737 2709 non
757 2660 842 2721 esset,
862 2650 969 2727 putetis
989 2649 1154 2707 adsciscen-

165 2728 234 2784 dum
249 2728 345 2786 fuisse.

203 2805 261 2864 ΙΙΙ.
295 2806 384 2879 Nam,
399 2818 431 2865 ut
443 2808 570 2885 primum
594 2829 630 2867 ex
651 2809 748 2886 pueris
770 2807 894 2866 excessit
915 2807 1052 2879 Archias,
1067 2818 1153 2882 atque
1169 2810 1205 2866 30

165 2884 202 2940 ab
216 2885 251 2942 iis
265 2885 374 2943 artibus
388 2888 493 2961 quibus
507 2898 577 2945 aetas
589 2889 707 2964 puerilis
728 2889 764 2945 ad
785 2887 993 2945 humanitatem
1006 2886 1152 2944 informari

165 2963 246 3034 solet,
260 2983 291 3020 se
312 2965 348 3021 ad
368 2966 515 3023 scribendi
536 2967 663 3024 studium
683 2966 821 3035 contulit3
841 2964 966 3042 primurn
987 2965 1152 3022 Antiochiae

167 3038 249 3118 (narn
268 3043 310 3100 ibi
336 3053 423 3101 natus
449 3053 502 3115 est,
523 3044 587 3103 loco
612 3045 712 3115 nobili,
733 3044 841 3102 celebri
868 3044 1011 3119 quondam
1032 3043 1104 3100 urbe
1124 3052 1153 3099 et

164 3121 290 3196 eopiosa,
309 3131 395 3196 atque
408 3121 611 3180 eruditissimis
628 3123 792 3182 hominibus
811 3121 1075 3195 liberalissimisque
1096 3131 1153 3176 stu·

165 3199 221 3256 diis
242 3200 383 3280 affluenti)
409 3201 540 3259 celeriter
569 3202 742 3260 antecellere
764 3201 898 3259 omnibus
925 3200 1034 3276 ingenii
1062 3198 1153 3275 gloria
1169 3205 1206 3259 35

143 3316 146 3323 =
165 3278 305 3354 contigit:
325 3277 390 3354 pbst
404 3279 434 3336 in
448 3281 561 3338 caeteris
581 3281 661 3338 Asiae
680 3280 819 3357 partibus,
834 3289 1003 3352 cunctaeque
1021 3277 1152 3346 Graeciae,

124 3408 131 3421 ,
166 3355 210 3412 sic
230 3356 291 3432 ejus
312 3358 451 3415 adventus
465 3359 675 3430 celebrabatur,
689 3369 722 3416 ut
735 3359 842 3415 famam
856 3356 966 3433 ingenii
980 3355 1154 3430 exspectatio

166 3434 299 3505 hominis,
313 3437 555 3511 exspectationem
576 3438 665 3513 ipsius
686 3437 824 3494 adventus
843 3435 1058 3508 admiratioque,
1073 3451 1155 3508 supe-

166 3523 250 3569 raret.
292 3513 364 3572 Erat
377 3513 463 3572 Italia
476 3525 547 3575 tunc
566 3517 652 3592 plena
671 3516 840 3572 Graeaarum
862 3513 966 3570 artium
981 3530 1015 3568 ac
1029 3510 1155 3586 discipli·

166 3609 288 3649 narum:
309 3593 461 3669 studiaque
480 3596 543 3653 haec
564 3604 594 3652 et
615 3595 645 3652 in
667 3593 752 3650 Latio
774 3588 972 3650 vehementius
994 3599 1056 3646 turn
1080 3590 1154 3647 cole·
1171 3598 1207 3654 4ο

166 3669 281 3741 bantur,
295 3669 383 3746 quim
396 3692 476 3730 nunc
496 3673 597 3730 iisdem
612 3673 643 3730 in
656 3672 783 3748 oppidis3
804 3681 834 3729 et
852 3668 900 3728 hic
914 3670 1027 3739 Romae,
1041 3679 1155 3745 propter

165 3750 403 3824 tranquillitatem
423 3752 598 3827 reipublice,
613 3770 670 3808 non
691 3750 919 3827 negligebantur.
960 3748 1063 3825 Itaque
1077 3749 1156 3807 hunc

166 3838 197 3886 et
211 3827 377 3901 Tarentini,
391 3840 421 3888 et
438 3830 580 3908 Rhegini‚
594 3839 624 3886 et
644 3828 838 3906 Neapolitani,
852 3829 968 3887 civitate
987 3827 1156 3904 caeterisque
