2658 4468
379 342 518 394 ORATIO
537 341 576 392 IN
598 342 637 392 Μ.
658 341 862 393 ANTONIUM.

506 661 735 744 ORATIO

295 896 370 973 IN
413 895 483 973 M.
534 897 950 974 ANTONIUM;

166 1266 192 1325 Ι.
226 1265 368 1328 Quonam
392 1285 457 1325 meo
481 1266 549 1338 sato,
570 1266 672 1325 Patres
685 1267 859 1344 conscripti,
873 1266 936 1326 fieri
960 1268 1066 1339 dicam,
1084 1277 1118 1326 ιιι

125 1365 223 1416 nemo,
238 1345 283 1402 his
294 1344 380 1415 ,annis
393 1345 505 1422 viginti,
519 1345 685 1421 reipublice
700 1345 787 1405 fuerit
805 1347 903 1417 hostis,
918 1346 967 1420 qui
987 1366 1045 1406 non
1059 1348 1118 1405 bel·

124 1423 188 1482 lum
202 1424 304 1481 eodem
325 1433 453 1498 tempore
474 1424 546 1482 mihi
567 1443 679 1499 quoque
700 1423 857 1483 indixeritl
898 1424 965 1483 Nec
978 1424 1046 1484 verri
1067 1445 1118 1484 ne·

126 1522 211 1560 cesse
224 1512 268 1559 est
282 1521 300 1559 a
313 1520 359 1560 me
372 1522 536 1577 quenquam
559 1503 720 1561 nominari:
741 1504 890 1562 vobiscum
912 1503 965 1579 ipsi
986 1505 1118 1562 recorda·

126 1581 210 1638 mini.
251 1579 328 1637 Mihi
340 1599 492 1656 poersarunt
504 1580 546 1638 illi
559 1579 634 1656 pltls,
649 1579 736 1656 qudm
755 1592 893 1658 optarem,
908 1583 1067 1652 dederunt;
1088 1592 1117 1640 te
1147 1586 1167 1641 5

126 1660 226 1730 ιιιιιοι,
242 1658 361 1730 Antoni,
376 1678 496 1734 quorum
511 1660 589 1717 facta
611 1660 733 1731 imitere,
748 1679 847 1719 eorum
871 1661 964 1718 exitus
984 1681 1042 1718 non
1055 1680 1119 1736 per·

126 1739 303 1796 horrescere.
345 1738 443 1812 Atque
454 1738 550 1797 hocin
562 1739 625 1796 aliis
635 1737 732 1797 minus
744 1738 870 1796 mirabar
882 1757 890 1796 ε
910 1757 996 1797 nemo
1004 1739 1118 1797 illorum

129 1817 266 1874 inimicus
279 1816 349 1873 mihi
364 1817 418 1874 fuit
431 1817 625 1876 vohmtarius:
646 1836 746 1875 omnes
760 1837 778 1875 a
791 1836 837 1875 me
847 1817 1013 1893 reipublicae
1028 1817 1118 1875 causa

130 1895 264 1952 lacessiti
306 1893 368 1966 Tu,
380 1914 418 1952 ne
432 1898 518 1954 verbo
539 1896 655 1971 quidem
675 1896 806 1967 violatus,
821 1906 853 1954 ut
875 1896 1010 1954 audacior
1031 1895 1119 1972 quim

131 1973 166 2031 L.
182 1973 316 2045 Catilina,
332 1973 462 2033 furiosior
486 1972 622 2050 qude.
637 1974 767 2046 Clodius,
782 1975 920 2046 viderere,
943 1975 1018 2034 ultro
1030 1975 1119 2033 male·
1133 1988 1169 2042 ιο

130 2051 217 2110 dictis
230 2072 276 2110 me
289 2052 450 2111 lacessisti:
471 2063 608 2128 tuamque
622 2072 639 2111 a
652 2071 699 2111 me
720 2053 923 2112 alienationem
936 2055 1120 2112 commenda·

128 2131 238 2190 tionem
251 2131 304 2189 tibi
319 2131 395 2188 ad
370 2150 448 2189 crves
462 2131 564 2208 impios
584 2133 644 2190 sore
657 2133 801 2207 putavisti.

168 2210 253 2272 Quid
272 2211 392 2299 puteml
424 2221 657 2302 contemptumne
686 2212 755 2269 mel
795 2211 864 2268 Non
891 2191 984 2281 video,
1011 2229 1068 2268 nec
1088 2208 1119 2269 in

127 2288 198 2360 vita,
213 2308 269 2346 nec
283 2289 313 2346 in
309 2289 430 2378 pratil,
444 2309 500 2347 nec
515 2290 545 2347 in
558 2291 645 2348 rebus
668 2289 766 2366 gestis,
781 2308 837 2347 nec
861 2289 891 2346 in
905 2290 961 2346 hac
975 2289 1040 2346 meti
1061 2307 1120 2346 rne-

127 2367 315 2425 diocritate
308 2367 428 2463 ingenii,
454 2369 524 2444 quid
544 2369 692 2445 despicere
714 2367 803 2443 possit
823 2367 977 2425 Antonius
1019 2366 1096 2423 An
1089 2386 1119 2424 ιιι
1134 2376 1171 2430 15

127 2457 232 2504 senatu
247 2444 384 2504 facillime
398 2447 436 2504 de
449 2466 496 2505 me
510 2447 623 2505 detrahi
641 2465 725 2521 posse
746 2446 889 2503 credidit?
910 2445 959 2534 qui
978 2445 1049 2503 ordo
1062 2444 1165 2502 cla-.

127 2525 251 2584 rissimis
265 2524 376 2582 civibus
400 2526 474 2583 bene
497 2536 585 2602 gestae
605 2525 772 2601 reipublice
795 2523 991 2582 testimoninm
1011 2523 1119 2595 multis,

127 2604 201 2661 mihi
221 2603 273 2661 nni
301 2614 485 2675 conservata,
506 2605 594 2662 dedit.
643 2605 693 2661 Αιι
713 2604 863 2661 decertare
890 2621 1005 2660 mecum
1032 2602 1121 2660 voluit

128 2682 314 2741 contentione
344 2680 481 2740 dicendil
469 2683 571 2742 lhoc
600 2683 718 2758 quidem
746 2681 920 2740 beneficium
953 2692 1015 2739 est:
1050 2681 1120 2755 quid

129 2761 208 2819 enim
222 2761 345 2836 plenius,
359 2761 429 2836 quid
442 2761 569 2833 uberius,
594 2760 680 2838 qudm
704 2762 776 2819 mihi
790 2771 819 2820 et
841 2781 893 2838 pro
905 2780 962 2832 me,
977 2771 1006 2819 et
1020 2771 1120 2819 contra
1134 2767 1172 2821 20

129 2839 302 2910 Antonium,
316 2840 436 2898 dicerel
477 2834 557 2898 lllud
568 2840 696 2917 prosectd
711 2851 773 2899 est:
794 2861 852 2899 non
876 2840 1060 2910 existimavit,
1075 2840 1120 2896 sui

129 2919 274 2976 similibus
286 2919 400 2994 probari
413 2938 506 2995 posse,
521 2939 553 2976 se
566 2940 628 2978 esse
642 2921 753 2979 hostem
766 2920 875 2997 patrias,
890 2919 946 2977 nisi
960 2919 1031 2976 milri
1045 2929 1122 2976 esset

129 2997 275 3056 inimicus
317 2996 375 3054 Cui
393 2997 474 3074 prius
486 2996 574 3073 quiam
597 3000 634 3057 de
657 3000 769 3057 caeteris
789 3000 875 3056 rebus
894 2998 1063 3074 respondeo,
1085 2998 1172 3055 de

131 3076 271 3147 amicitia,
285 3095 372 3150 quarn
387 3096 404 3135 a
417 3095 464 3134 me
477 3077 611 3135 violatam
625 3098 689 3136 esse
703 3078 873 3136 criminatus
893 3086 946 3148 est,
963 3076 1054 3153 (quod
1067 3096 1122 3153 ego

130 3154 331 3233 gravissimum
346 3155 456 3213 crimen
466 3155 579 3236 judico)
595 3176 690 3232 pauca
703 3158 809 3214 dicam.
1135 3156 1172 3210 25

149 3232 212 3291 ΙΙ.
247 3233 358 3292 Contra
370 3253 432 3293 rem
452 3254 533 3292 suam
554 3255 611 3307 nte,
626 3235 725 3294 nescio
738 3235 864 3309 quando,
877 3233 991 3291 venisse
1005 3241 1123 3307 questus

130 3322 183 3370 est.
225 3312 275 3369 An
296 3332 350 3389 ego
371 3333 428 3371 non
450 3314 578 3372 venirem
600 3325 700 3373 contra
721 3313 846 3370 alienurn
866 3331 919 3387 pro
939 3310 1074 3369 familiari
1094 3320 1124 3367 et

130 3392 296 3449 necessario
318 3393 405 3449 mccl
425 3412 483 3451 non
503 3394 631 3451 venirem
653 3401 754 3450 contra
775 3390 908 3467 gratiam,
933 3409 990 3447 non
1011 3387 1124 3445 virtutis

130 3489 192 3545 spe,
206 3470 258 3527 sed
272 3470 364 3528 aetatis
378 3470 456 3543 flore,
469 3472 643 3530 collectaml
664 3490 721 3529 non
732 3470 860 3526 venirem
869 3477 969 3526 contra
978 3467 1123 3543 injuriam,

130 3567 221 3624 qnam
246 3548 300 3606 iste
327 3550 527 3609 intercessoris
554 3549 726 3624 iniquissimi
748 3547 890 3606 beneficio
911 3547 1044 3616 obtinuit,
1066 3566 1124 3604 non
1138 3559 1175 3615 3ο

127 3627 193 3704 jure
213 3627 365 3702 praetoriol
408 3629 468 3687 Sed
482 3631 537 3688 hoc
560 3629 670 3686 idcirco
692 3637 947 3685 commemoratum
972 3636 1030 3684 ate
1044 3636 1123 3701 puto,

131 3716 163 3763 ιιι
176 3715 205 3763 te
220 3704 319 3764 infimo
331 3707 425 3765 ordini
439 3708 667 3778 commendares,
683 3705 751 3764 ciam
775 3716 804 3763 te
817 3724 917 3764 omnes
940 3707 1125 3764 recordaren-

130 3794 177 3842 tur
191 3784 319 3842 libertini
332 3806 482 3862 generum,
496 3798 526 3847 et
539 3788 644 3846 liberos
658 3797 722 3845 tuos
735 3795 854 3862 nepotes
873 3785 914 3850 Q.
929 3785 1026 3859 Fadii,
1039 3784 1126 3844 liber·

130 3862 186 3922 tini
206 3863 341 3938 hominis,
356 3864 452 3924 luisse.
