2658 4468
170 382 212 443 ω
435 381 573 433 ORATIO
593 380 664 430 PRO
684 380 826 431 ARCHIA
848 380 975 432 POETA.

220 526 349 584 Deorum
371 526 466 601 aliquo
485 526 560 584 dono
581 535 666 600 atque
686 543 806 583 munere
827 524 1022 584 commendati
1042 524 1125 584 nobis
1147 544 1215 585 esse

220 605 380 662 rideantur.

261 684 307 742 Sit
326 683 424 760 igitur,
442 682 565 759 jndices,
586 692 719 741 sanctum
740 683 815 758 spud
835 701 894 754 vos,
915 682 1137 741 humanissimos
1161 683 1214 741 ho-

221 762 323 833 mines,
338 762 394 819 hoc
412 766 505 838 poetar
525 781 641 832 nomen,
654 761 731 837 quod
744 761 824 819 nulla
837 779 963 837 unquam
976 761 1110 819 barbaria
1122 761 1214 819 viola-

188 841 269 898 orit
311 841 389 898 Saxa
408 851 438 899 et
457 840 625 898 solitudines
644 839 708 897 voci
731 841 921 916 respondent3
942 839 1041 897 bestiae
1061 858 1136 916 saepe
1158 841 1213 897 im·

220 938 321 977 manes
334 928 423 977 cantu
442 918 597 977 flectuntur
614 929 698 994 atque
712 918 889 976 consistrmt:
909 937 971 988 nos,
985 918 1108 975 instituti
1122 919 1212 976 rebus

220 998 344 1074 optimis,
365 1018 423 1056 non
448 1004 597 1075 poetarum
617 1015 688 1054 voce
714 998 902 1054 moveamurl
942 996 1103 1054 Homerum
1122 996 1212 1054 Colo·

220 1077 318 1154 phonii
332 1078 425 1135 civem
439 1096 502 1134 esse
515 1076 618 1133 dicunt
630 1093 733 1170 suurn3
764 1075 833 1133 Chii
847 1094 931 1132 suurn
941 1075 1088 1132 vindicant
1096 1094 1104 1144 ;
1126 1076 1211 1132 Sala·

173 1235 207 1287 10
221 1153 1210 1311 til'stult{lffffttitffitltttmttltllltss

220 1323 359 1388 praeterea
370 1321 500 1389 pugnant
514 1312 588 1370 inter
601 1330 642 1383 se,
657 1321 742 1386 atque
755 1311 941 1368 contendunt

260 1389 316 1448 IX.
348 1391 426 1467 Ergo
439 1390 481 1448 illi
496 1390 632 1462 alienum,
646 1390 714 1465 quia
726 1393 812 1465 poeta
825 1390 889 1459 firit,
901 1398 965 1465 post
977 1400 1097 1447 mortem
1117 1389 1208 1446 etiarn

221 1478 374 1545 expetunt3
395 1489 447 1528 nos
461 1470 539 1526 huno
551 1469 657 1540 virum,
671 1467 720 1543 qui
740 1478 769 1525 et
787 1468 931 1525 voluntate
944 1477 973 1525 et
985 1468 1097 1544 legibus
1110 1477 1208 1525 noster

221 1558 274 1618 est,
288 1548 524 1623 repudiabimus?
546 1548 703 1624 prasertim
718 1543 786 1603 clun
799 1562 884 1604 omne
897 1547 966 1604 olim
980 1546 1106 1602 studium
1121 1557 1207 1620 atque

176 1633 207 1686 15
220 1645 306 1684 omne
319 1626 468 1703 ingenium
481 1625 634 1684 contulerit
648 1625 773 1682 Archias
787 1629 823 1681 ad
836 1625 932 1702 populi
945 1624 1071 1682 Romani
1085 1625 1207 1701 gloriam

220 1704 392 1780 laudemque
412 1704 624 1762 celebrandam.
665 1703 743 1761 Nam
756 1713 786 1761 et
801 1703 965 1761 Cimbricas
978 1721 1024 1760 res
1038 1704 1207 1760 adolescens

222 1782 333 1858 attigit3
354 1793 383 1840 et
397 1783 451 1858 ipsi
465 1783 505 1840 illi
520 1782 555 1840 C.
570 1781 675 1854 Mario,
688 1783 737 1857 qui
758 1782 854 1839 durior
875 1783 911 1838 ad
932 1782 995 1839 brec
1015 1781 1110 1838 studia
1128 1781 1207 1838 vide·

221 1861 315 1931 batur,
326 1861 472 1936 jucundus
485 1861 547 1919 luit,
588 1860 692 1935 Neque
706 1861 784 1918 enim
796 1861 947 1935 quisquam
960 1869 1004 1917 est
1016 1871 1076 1916 tam
1090 1879 1207 1917 aversus

222 1958 239 1996 a
252 1938 355 2010 Musis,
370 1939 419 2014 qui
432 1941 489 1997 nod
503 1940 634 1996 mandari
648 1939 776 1996 versibus
790 1949 926 1996 aeternum
947 1957 1063 1996 suorum
1075 1938 1207 1996 laborum
1306 1946 1307 1955 ¹

170 2022 207 2077 20
221 2015 307 2075 facile
329 2019 504 2094 praeconium
524 2017 657 2094 patiatur.
698 2017 925 2075 Themistoclem
949 2017 1040 2088 illum,
1061 2035 1207 2073 summum
1306 2044 1307 2077 3

220 2096 346 2153 Athenis
365 2096 468 2166 virum,
488 2097 594 2153 dixisse
615 2096 705 2166 aiunt,
720 2093 788 2153 crim
808 2115 844 2154 ex
863 2114 898 2153 eo
917 2106 1101 2170 quereretur,
1114 2096 1207 2158 Quod

221 2192 364 2247 acroama,
387 2184 436 2231 aut
456 2175 539 2250 cujus
558 2193 669 2245 vocem,
689 2172 877 2232 libentissime
899 2174 1028 2244 audiret;
1053 2181 1072 2208 “
1084 2174 1166 2249 Ejus,
1188 2192 1207 2230 a
1232 2172 1234 2179 ’
1306 2218 1307 2225 ,

220 2272 277 2327 quo
302 2271 354 2310 sua
373 2253 464 2311 virtus
488 2251 595 2329 optime
622 2253 853 2330 praedicaretur?
894 2251 997 2328 Itaque
1017 2253 1066 2310 ille
1092 2252 1206 2318 Marius

220 2332 289 2388 item
310 2330 414 2389 eximie
436 2332 469 2389 L.
490 2332 615 2390 Plotium
642 2332 751 2403 dilexit,
772 2331 855 2408 cujus
884 2331 1001 2408 ingenio
1019 2332 1139 2407 putabat
1158 2350 1204 2402 ea,

163 2416 206 2470 ‚25
219 2430 283 2486 qnae
297 2421 433 2487 gesserat,
447 2430 529 2487 posse
543 2411 693 2468 celebrari.

260 2488 490 2547 Mithridaticum
505 2488 572 2547 verb
593 2489 710 2559 bellum,
724 2507 862 2565 magnum
883 2498 968 2563 atque
988 2487 1115 2559 difficile,
1130 2497 1160 2544 et
1174 2487 1203 2545 in

219 2568 310 2624 multd
323 2569 461 2625 varietate
474 2569 550 2625 terri
564 2568 693 2643 marique
706 2577 859 2638 versatum,
870 2577 961 2624 totum
975 2567 1011 2623 ab
1025 2567 1080 2624 hoc
1093 2586 1205 2642 expres·

219 2664 283 2702 sum
297 2655 357 2703 est:
378 2647 426 2721 qui
441 2647 507 2703 libri
520 2666 578 2703 non
591 2645 676 2703 modii
688 2645 720 2702 L.
733 2644 898 2723 Lucullum,
909 2645 1093 2703 fortissimum
1104 2655 1133 2702 et
1147 2645 1205 2701 cla·

220 2723 364 2780 tissimum
372 2724 474 2794 virum,
483 2722 583 2781 verimi
592 2725 679 2781 etiarn
688 2723 785 2800 populi
796 2724 922 2782 Romani
931 2742 1044 2794 nomen,
1052 2722 1203 2780 illustrant

169 2809 206 2866 30
219 2801 344 2876 Populus
358 2803 435 2859 enim
449 2802 600 2859 Romanus
615 2803 734 2878 aperuit,
748 2801 871 2860 Lucullo
889 2803 1056 2877 imperante,
1070 2801 1203 2871 Pontum,

219 2890 248 2937 et
268 2880 355 2955 regiis
374 2880 518 2955 quondam
537 2881 648 2956 opibus,
662 2890 691 2938 et
704 2880 765 2956 ipsi
784 2881 887 2938 nature
900 2880 1034 2957 regionis,
1048 2880 1184 2936 vallatum
1196 2898 1203 2937 :

217 2957 313 3034 populi
341 2958 467 3016 Romani
487 2959 639 3030 exercitus,
660 2961 760 3017 eodem
781 2960 866 3029 duce,
887 2979 944 3017 non
970 2958 1095 3015 maximi
1115 2976 1204 3014 manu

219 3036 443 3094 innumerabiles
473 3037 677 3095 Armeniorum
706 3038 803 3112 copias
832 3038 923 3096 fudit:
953 3037 1048 3113 populi
1076 3036 1204 3094 Romani

219 3114 282 3171 laus
308 3124 361 3186 est,
385 3116 486 3172 urbem
511 3116 714 3193 amicissimam
742 3116 965 3191 Cyzicenorum,
989 3116 1116 3191 ejusdem
1137 3134 1205 3172 con·

168 3204 205 3259 35
219 3193 292 3263 silio,
307 3213 343 3251 ex
362 3193 441 3251 omni
461 3194 569 3270 impetu
589 3196 678 3271 regio,
694 3214 729 3252 ac
748 3195 835 3251 totius
855 3195 922 3252 belli
941 3213 992 3252 ore
1012 3213 1047 3251 ao
1061 3194 1203 3264 saucibus,

219 3282 346 3347 ereptam
366 3292 429 3330 esse
451 3283 535 3349 atque
555 3286 713 3330 servatam:
733 3284 830 3331 nostra
847 3292 958 3349 semper
973 3273 1078 3329 feretur
1092 3282 1121 3329 et
1133 3292 1204 3348 prae-

219 3351 372 3422 dicabitur,
387 3351 420 3409 L.
436 3351 559 3410 Lucullo
573 3351 739 3421 dimicante,
754 3370 822 3409 cnm
842 3351 1000 3409 interfectis
1020 3351 1142 3408 ducibus
1156 3351 1204 3407 de-

218 3449 316 3505 pressa
329 3431 453 3488 hostium
467 3429 577 3501 classis,
592 3441 621 3487 et
641 3430 818 3487 incredibilis
840 3431 914 3506 apud
934 3429 1089 3487 Tenedum
1107 3448 1205 3505 pugna

219 3508 268 3565 illa
288 3509 416 3566 navalis:
443 3519 540 3567 nostra
560 3518 760 3583 summopore,
782 3518 879 3565 nostra
898 3518 1093 3578 monumenta,
1114 3508 1203 3564 nostri

169 3595 204 3649 40
218 3586 362 3662 triumphi.
402 3587 515 3659 Quare,
529 3606 649 3662 quorum
670 3587 794 3663 ingeniis
815 3588 877 3644 haec
897 3586 1037 3657 feruntur,
1052 3588 1088 3644 ab
1108 3587 1143 3643 iis
1156 3605 1204 3660 po·

218 3666 277 3740 puli
292 3665 419 3723 Romani
434 3667 510 3723 fama
524 3667 693 3724 celebratur.
735 3666 830 3722 Carus
844 3665 898 3723 lirit
912 3666 1053 3723 Africano
1064 3664 1203 3740 superiori

218 3754 314 3801 noster
327 3743 460 3801 Ennius:
481 3745 576 3820 itaque
590 3745 677 3801 etiam
691 3744 721 3801 in
735 3744 886 3820 sepulchro
908 3745 1075 3821 Scipionum
1088 3753 1203 3820 putatur

217 3821 243 3878 is
256 3841 320 3880 esse
334 3823 506 3880 constitutus
519 3843 536 3881 e
548 3841 697 3880 marmore.
739 3824 781 3880 At
801 3823 837 3880 iis
849 3823 984 3880 laudibus
997 3821 1075 3881 certi
1090 3842 1147 3880 non
1161 3841 1205 3880 so·

217 3898 279 3958 lirm
292 3900 357 3976 ipsi,
370 3901 419 3976 qui
433 3901 596 3973 laudantur,
610 3901 660 3959 sed
674 3901 762 3959 etiam
775 3900 872 3977 populi
893 3901 1022 3960 Romani
1042 3920 1146 3960 nomen
1159 3919 1202 3958 or·
