2702 4464
359 332 498 383 ORATIO
519 332 590 383 PRO
611 331 710 383 REGE
732 331 927 383 DEIOTARO.
1142 334 1180 393 81

147 485 210 534 tum
224 475 278 534 sibi
297 473 433 548 amioum,
456 485 665 553 cognoverant:
687 473 811 561 cumque
833 474 909 552 apud
932 473 1025 550 ipsum
1047 483 1077 531 te
1097 473 1134 532 de

148 564 200 613 tuo
211 555 338 630 periculo
349 555 491 626 dicerent,
505 556 565 612 sore
588 554 736 631 putabant,
751 564 784 610 ut
806 553 836 610 in
860 553 1025 611 exulcerato
1039 552 1135 611 animo

150 632 237 690 facile
259 633 360 690 fictum
383 632 494 690 crimen
517 633 662 691 insideret.
710 631 909 694 Quamobrem
931 632 986 689 boc
1006 651 1059 690 nos
1079 631 1135 707 pri·

149 709 229 767 mum
242 720 331 782 metu,
345 710 401 768 Gai
415 710 524 782 Caesm,
537 731 587 788 per
600 711 698 782 fidem,
711 720 741 768 et
754 709 953 781 constantiam,
968 719 998 767 et
1011 710 1135 768 clemen·

149 788 220 845 tiam
232 799 321 860 tuam,
335 789 437 860 libers,
451 809 489 847 ne
502 790 628 847 residere
642 789 673 846 in
692 798 722 847 te
735 789 824 845 ullam
845 798 956 864 partem
977 787 1135 846 iracundie
1165 789 1184 844 5

149 866 336 942 suspicemur.
377 867 434 925 Per
447 868 576 925 dextram
589 878 619 925 te
642 866 727 924 istam
749 886 809 937 oro,
823 885 909 941 quam
923 865 985 944 regi
999 866 1136 924 Deiotaro

149 945 251 1020 hospes
270 945 374 1021 hospiti
396 946 563 1022 porrexisti3
585 946 680 1016 istam,
694 946 822 1019 inquam,
836 944 976 1016 dextram,
997 964 1055 1002 non
1076 955 1136 1001 tam

149 1022 181 1079 in
204 1023 287 1080 bellis
308 1033 337 1080 et
358 1024 389 1080 in
405 1023 522 1099 proeliis,
536 1022 623 1098 quim
645 1023 676 1081 in
698 1023 845 1099 promissis
858 1023 959 1080 etlide
973 1023 1134 1081 firmiorem.

149 1100 202 1157 Tu
215 1100 292 1158 illius
305 1102 420 1159 domum
432 1102 517 1174 inire,
530 1112 563 1159 tu
576 1112 657 1160 vetus
677 1102 830 1177 hospitium
843 1119 990 1171 renovare,
1004 1100 1135 1158 voluisti:

149 1188 180 1236 te
193 1177 256 1254 ejus
269 1179 319 1236 Dii
332 1189 451 1255 penates
465 1190 655 1257 acceperunt:
676 1190 705 1237 te
726 1179 854 1238 amicum
872 1189 901 1237 et
913 1179 1059 1255 placatum
1079 1178 1137 1236 De·
1151 1181 1185 1239 10

150 1257 234 1315 iotari
247 1257 324 1333 regis
339 1276 395 1315 arae
409 1258 522 1334 focique
535 1259 676 1316 viderunt.

189 1333 267 1392 cum
281 1335 367 1394 facile
381 1338 502 1407 exorari,
517 1337 625 1408 Cesar,
639 1346 701 1393 tum
714 1335 802 1393 semel
817 1335 937 1405 exorari,
952 1334 1034 1392 soles.
1076 1334 1136 1392 Ne·

149 1431 197 1471 mc
209 1431 337 1487 unquam
349 1423 379 1471 te
392 1415 517 1490 placavit
530 1415 675 1485 inimicus,
689 1414 738 1489 qni
752 1414 826 1471 ullas
845 1414 986 1471 resedisse
1000 1413 1030 1470 in
1050 1422 1079 1470 te
1099 1412 1136 1468 si-

149 1492 277 1548 multatis
303 1492 440 1567 reliquias
467 1493 596 1550 senserit
646 1492 824 1566 Quanquam
844 1491 893 1549 oni
912 1500 980 1548 sunt
1000 1491 1136 1549 inauditae

150 1588 216 1626 cum
231 1569 368 1627 Deiotaro
382 1570 505 1645 querele
519 1572 596 1628 tuet
636 1569 794 1646 Nunquam
807 1579 838 1627 tu
859 1570 939 1627 illum
954 1568 1135 1639 accusavisti,
1151 1570 1185 1623 15

149 1656 182 1704 ut
194 1649 315 1719 hostem,
330 1649 381 1705 sed
391 1659 423 1706 ut
438 1648 564 1707 amioum
585 1648 680 1707 officio
698 1666 800 1724 parum
823 1648 964 1730 functum,
978 1647 1056 1721 qudd
1075 1667 1137 1723 pro-

148 1726 262 1801 pensior
283 1726 313 1784 in
333 1726 389 1785 On.
410 1727 540 1803 Pompeii
561 1727 719 1785 amicitiam
745 1725 855 1797 fuisset,
881 1724 968 1801 quim
996 1725 1027 1783 in
1046 1736 1135 1782 tuam.

149 1803 319 1863 (luitamen
332 1805 386 1881 ipsi
399 1805 443 1863 rei
455 1805 570 1863 veniam
583 1815 612 1863 te
635 1806 770 1863 daturum
792 1804 881 1862 fuisse
895 1803 1023 1874 dicebas,
1037 1803 1062 1861 si
1074 1813 1137 1861 tan·

150 1879 213 1939 tiam
227 1882 334 1940 auxilia
346 1883 492 1960 Pompeia,
505 1883 552 1941 vel
566 1884 591 1940 si
604 1883 692 1941 etiam
712 1883 803 1941 filium
819 1882 953 1954 misisset,
978 1882 1038 1957 ipse
1051 1900 1137 1940 excu-

151 1959 261 2018 satione
275 1962 366 2018 aetatis
378 1980 448 2019 usus
458 1971 541 2019 esset
583 1961 639 2032 Ita,
654 1959 722 2020 oiim
736 1961 867 2018 maximis
881 1980 948 2018 eum
968 1962 1054 2019 rebus
1066 1961 1137 2019 libs·
1150 1958 1186 2013 20

149 2056 240 2109 rates,
254 2058 419 2114 perparvam
434 2040 568 2098 amicitiae
582 2040 697 2116 culpam
709 2039 899 2114 relinquebas.
1188 2042 1195 2054 '

192 2115 295 2191 Itaque
314 2137 371 2176 nun
391 2117 483 2176 edum
505 2118 535 2176 in
558 2137 625 2176 eum
646 2138 705 2176 non
727 2117 961 2188 animadvertisti,
986 2117 1037 2175 sed
1056 2115 1135 2175 omni

149 2204 231 2251 metu
244 2195 412 2267 liberavisti,
425 2197 565 2273 hospitem
579 2197 728 2273 agnovisti,
742 2215 841 2273 regem
860 2195 1000 2271 reliquisti
1015 2215 1022 2253 :
1042 2213 1137 2269 neque

150 2273 232 2329 enim
246 2273 295 2331 ille
308 2275 374 2333 odic
386 2274 429 2331 tui
441 2294 616 2351 progressus,
630 2276 681 2333 sed
701 2294 796 2333 errore
816 2274 962 2332 communi
975 2275 1071 2349 lapsus
1084 2282 1135 2329 est

152 2350 184 2407 Is
203 2370 264 2421 rex,
285 2370 371 2427 quem
394 2363 509 2410 senatus
529 2354 584 2411 hoc
603 2353 720 2412 nomine
742 2373 817 2429 sepe
840 2350 1135 2410 honorificentissimis
1149 2348 1185 2402 2⁵

153 2428 280 2486 decretis
293 2430 499 2506 appellavisset,
513 2432 618 2506 quique
632 2432 713 2490 illum
733 2431 864 2489 ordinem
886 2430 923 2487 ab
943 2427 1137 2486 adolescentie

153 2507 354 2582 gravissimum
367 2508 633 2585 sanctissimumque
647 2510 784 2580 duxisset,
799 2509 901 2566 iisdem
921 2507 1007 2565 rebus
1019 2516 1063 2564 est
1076 2525 1137 2582 per·

56 2585 61 2596 ’
152 2586 294 2656 turbatus,
308 2587 392 2644 homo
405 2587 576 2663 longinquus
597 2599 626 2646 et
650 2588 822 2665 alienigena,
836 2587 940 2663 quibus
953 2605 1014 2657 nos,
1029 2585 1059 2643 in
1078 2604 1137 2643 me·

152 2663 201 2720 dia
215 2665 362 2740 republica
375 2665 446 2735 nati,
460 2685 627 2742 semperque
641 2668 754 2725 versati.

191 2741 244 2800 IV.
276 2741 355 2800 Crini
370 2744 491 2816 audiret,
505 2745 623 2802 senatis
646 2745 852 2803 consentientis
874 2744 1042 2802 auctoritate
1057 2761 1136 2800 arma
1148 2742 1184 2798 30

150 2830 278 2896 sumpta3
300 2822 476 2893 oonsulibus,
488 2822 666 2898 praetoribus,
680 2823 802 2882 tribunis
822 2823 923 2900 plebis,
945 2822 1028 2880 nobis
1049 2822 1136 2896 imps-

149 2899 300 2970 tatoribus,
315 2900 522 2976 rempublicam
536 2901 747 2959 defendendam
761 2903 874 2971 datam3
895 2901 1061 2959 movebatur
1076 2899 1136 2956 ani·

149 2995 207 3046 mo,
221 2987 250 3034 et
272 2978 325 3049 vir,
340 2979 409 3036 huic
431 2979 553 3054 imperio
575 2979 776 3051 amicissimus,
790 2981 827 3038 de
850 2979 942 3036 salute
964 2977 1061 3054 populi
1075 2978 1136 3035 Ro·

149 3055 228 3113 mani
241 3056 456 3127 extimescebat,
471 3058 502 3114 in
515 3056 573 3132 qud
586 3056 673 3114 etiam
686 3077 769 3115 suam
779 3057 920 3115 inclusam
934 3057 1057 3114 videbat.
1098 3054 1134 3113 ln

149 3151 261 3192 summo
281 3143 379 3192 tamen
399 3133 512 3206 timore,
536 3134 743 3210 quiescendum
770 3137 826 3196 sibi
847 3154 911 3194 esse
933 3133 1132 3193 arbitrabatur.
1147 3133 1183 3187 35

148 3209 278 3268 Maxime
299 3210 367 3270 versi
388 3213 571 3288 psrmrbstns
593 3223 647 3284 est,
661 3224 693 3271 ut
714 3213 832 3284 audivit,
846 3213 979 3270 consules
999 3230 1035 3269 ex
1048 3210 1135 3266 Italia

147 3289 316 3365 profugisse,
343 3308 501 3365 orantesque
535 3292 700 3349 consulares
727 3290 785 3369 (sic
811 3291 889 3349 enim
915 3289 1134 3365 nunciabatur),

147 3377 287 3425 cunctum
313 3378 456 3439 senatum,
481 3377 569 3426 totam
596 3369 712 3428 Italiam
738 3388 802 3427 esse
827 3369 956 3426 effusam.
1011 3366 1135 3423 Talibus

148 3445 226 3502 enim
240 3446 350 3504 nuntiis
363 3455 393 3504 et
405 3446 567 3504 mmoribus
578 3449 695 3523 patebat
716 3448 752 3506 sd
764 3446 917 3504 Orientem
930 3445 993 3515 via3
1013 3463 1070 3502 nec
1083 3442 1134 3500 ulli

147 3523 208 3581 veri
216 3524 472 3599 subsequebantur.
513 3524 596 3583 Nihil
618 3526 666 3583 ills
689 3526 726 3583 de
748 3524 960 3582 conditionibus
973 3522 1041 3594 tuis,
1060 3521 1133 3580 nibil
1147 3520 1182 3575 40

147 3602 185 3659 de
198 3602 294 3660 studio
307 3603 468 3660 concordiae
481 3612 511 3660 et
522 3604 613 3679 pacis,
627 3603 700 3661 nihil
724 3603 760 3661 de
775 3601 984 3677 conspiratione
999 3600 1134 3659 audiebat

146 3688 292 3736 certorum
313 3680 462 3738 hominum
483 3690 583 3740 contra
606 3682 774 3759 dignitatem
791 3689 880 3737 tuam.
920 3680 997 3742 Quas
1012 3678 1080 3738 crim
1093 3679 1134 3737 ita

146 3767 254 3829 essent,
268 3768 364 3816 tamen
380 3778 470 3833 usque
491 3758 527 3817 ab
548 3779 580 3817 se
602 3759 706 3832 tenuit,
720 3760 814 3835 quoad
835 3776 852 3815 a
871 3758 926 3818 Cn.
941 3757 1077 3837 Pompeio
1097 3758 1134 3816 ad

145 3853 216 3895 anm
228 3836 317 3914 legati
330 3836 477 3913 litemque
490 3847 639 3897 venerunt
