2702 4464
351 361 489 412 ORATIO
510 362 580 411 PRO
601 362 701 414 Reos
723 363 919 415 DEIOTARO.

141 509 226 569 nium
241 525 329 577 arma,
343 516 444 563 contra
457 525 489 563 se
502 525 592 564 unum
613 507 762 566 excitaret
801 507 941 569 Quonam
965 506 1013 565 ille
1036 507 1131 579 modo,
1146 533 1151 541 ·

144 607 214 647 cum
235 605 332 662 regno,
353 603 420 642 cum
444 586 538 656 domo,
560 605 627 642 cum
648 587 780 662 conjuge,
804 605 872 644 cum
891 585 1039 644 carissimo
1063 586 1133 656 filio,

144 668 299 724 distractus
318 673 403 735 esset,
417 673 498 721 tanto
521 664 631 722 scelere
651 684 710 722 uon
723 663 808 723 modd
821 665 959 741 perlecto,
973 664 1025 722 sed
1044 665 1133 722 etiam

144 765 181 803 co
201 744 290 801 itatol

180 764 237 880 l'l.
271 822 313 878 At
327 818 442 899 (credo)
457 822 521 878 haec
540 821 625 880 bomo
639 821 818 879 inconsultus
837 830 866 879 et
885 821 1055 879 temerarius
1074 841 1131 879 non
1162 829 1181 884 5
1268 811 1272 817 ,

142 902 267 959 videbat.
307 899 386 961 Quis
400 900 606 957 consideratior
626 900 696 958 illot
720 898 798 977 [quis
817 900 919 957 tectior
929 901 955 979 l]
985 900 1049 974 quis
1068 920 1133 976 pru-

144 980 278 1037 dentiori
299 996 464 1053 quanquam
478 978 611 1036 hocloco
623 978 794 1036 Deiotarum
813 989 943 1036 nontam
968 978 1084 1055 ingenio
1103 988 1133 1037 et

141 1056 307 1134 prudentie,
329 1055 415 1130 quam
436 1056 492 1114 fide
512 1065 541 1114 et
561 1057 701 1135 religione
721 1057 796 1128 vitae,
824 1057 1036 1114 defendendum
1055 1068 1131 1133 puto.

143 1137 225 1194 Nota
237 1135 291 1192 tibi
311 1144 363 1205 est,
378 1134 433 1192 Gai
447 1135 555 1205 Caesar,
570 1135 693 1192 hominis
712 1136 848 1211 probitas,
868 1133 929 1192 noti
949 1154 1051 1206 mores,
1066 1146 1134 1194 notu

142 1213 314 1271 constantia
355 1212 412 1269 Cui
425 1233 517 1288 porro,
531 1213 580 1288 qui
594 1211 679 1271 modd
694 1214 790 1290 populi
813 1212 941 1271 Romani
962 1232 1069 1271 nomen
1084 1233 1133 1270 au·
1150 1219 1182 1273 10

143 1293 224 1362 divit,
239 1291 368 1348 Deiotari
388 1291 547 1367 integritas,
570 1293 704 1368 gravitas,
728 1292 827 1363 virtus,
849 1291 932 1363 fides,
954 1311 1011 1349 non
1034 1292 1133 1349 audita

142 1372 209 1428 estl
249 1370 339 1431 Quod
353 1369 440 1446 igitur
454 1371 568 1427 lacinus
581 1390 636 1428 nec
651 1371 680 1428 in
702 1371 847 1429 hominem
861 1371 1071 1446 imprudentem
1085 1389 1133 1427 ca·

142 1449 211 1506 dere
225 1458 318 1524 posset
330 1458 443 1524 propter
467 1457 576 1505 metum
597 1448 745 1523 presentis
766 1448 856 1520 exitii,
871 1468 928 1506 nec
948 1448 978 1506 in
993 1448 1132 1506 facinoro-

142 1545 216 1597 sum,
231 1526 287 1584 nisi
300 1536 376 1583 esset
390 1526 465 1583 idem
482 1527 703 1598 amentissimus,
719 1527 748 1584 id
762 1547 811 1585 vos
824 1537 853 1585 et
868 1546 885 1584 a
898 1527 958 1584 viro
970 1527 1087 1603 optimo,
1102 1537 1131 1586 et

142 1606 181 1663 ab
194 1604 308 1662 homine
322 1603 442 1661 minime
457 1606 554 1675 stulto,
568 1606 726 1682 cogitatum
740 1625 803 1663 esse
817 1605 989 1682 confingitis.
1146 1610 1180 1664 15

182 1685 223 1741 At
245 1681 330 1758 qudm
355 1702 412 1740 non
437 1683 523 1741 modi)
547 1702 605 1740 uon
628 1684 814 1756 credibiliter,
837 1686 887 1742 sed
908 1682 1129 1759 nesuspiciosd

141 1761 275 1836 quidem!
325 1761 412 1831 Cum,
433 1762 537 1835 inquit,
559 1763 588 1819 in
609 1763 760 1830 castellum
780 1762 922 1820 Luceium
942 1763 1079 1833 venisses,
1100 1772 1131 1819 et

141 1840 258 1898 domum
271 1838 357 1916 regis,
372 1839 491 1916 hospitis
507 1840 560 1911 tui,
575 1840 747 1912 divertisses‚
761 1841 843 1899 locus
866 1850 928 1899 erat
951 1841 1078 1914 quidam,
1099 1841 1129 1899 iu

143 1928 293 1991 quoerant
306 1937 342 1975 ea
355 1918 522 1994 composita,
537 1919 642 1993 quibus
654 1938 704 1977 rex
719 1929 747 1977 te
766 1939 918 1978 munerare
932 1919 1128 1978 constituerat

143 1995 214 2054 Huc
232 2007 262 2054 te
289 2016 306 2054 e
333 1997 447 2068 balneo,
467 1997 633 2072 priusquam
662 1999 859 2069 recumberes,
880 1999 987 2057 ducere
1007 1998 1127 2056 volebat
1142 1998 1179 2053 2⁰

142 2073 236 2132 Erant
255 2074 333 2132 euim
347 2076 457 2146 armati,
472 2074 522 2150 qui
535 2085 564 2133 te
585 2076 789 2148 interficerent,
804 2076 834 2135 in
854 2098 890 2135 eo
910 2077 970 2153 ipso
988 2076 1052 2134 loco
1072 2076 1129 2134 col-

142 2152 238 2210 locati.
279 2153 326 2210 En
340 2153 459 2225 crimen,
474 2173 511 2211 en
525 2173 625 2224 causa,
640 2173 692 2213 cur
706 2175 803 2231 regem
818 2156 964 2233 hrghivm,
979 2155 1128 2213 dominum

141 2251 251 2301 servus,
267 2242 391 2288 accuset.
432 2232 505 2308 Ego,
529 2233 723 2310 (mehercule)
747 2234 803 2292 Cai
825 2236 934 2305 Caesar,
948 2233 1039 2305 initio,
1060 2232 1129 2290 crim

140 2319 186 2367 est
207 2310 243 2366 ad
263 2328 311 2366 me
331 2309 387 2367 ista
407 2329 495 2367 causa
515 2311 619 2382 delata,
640 2313 813 2389 Phidippum
834 2313 1001 2385 medicum,
1014 2330 1128 2368 servum

140 2388 266 2464 regium,
289 2388 339 2463 qui
363 2407 429 2445 cum
449 2389 551 2465 legatis
571 2391 674 2448 missus
701 2401 786 2462 esset,
808 2391 844 2448 ab
872 2391 927 2448 isto
947 2390 1128 2447 adolescente
1141 2394 1178 2448 25

141 2485 206 2524 esse
227 2477 401 2542 corruptum,
426 2468 481 2524 hac
510 2469 671 2544 suspicione
701 2489 764 2527 sum
793 2488 962 2545 percussus:
983 2468 1129 2525 medicum

141 2545 270 2602 indicem
284 2546 466 2602 subornabit:
487 2546 576 2623 finget
594 2548 730 2606 videlicet
751 2547 865 2621 aliquod
886 2546 995 2604 crimen
1014 2545 1127 2603 veneni.

142 2622 181 2680 Et
194 2622 218 2679 si
233 2643 250 2680 a
263 2623 383 2681 veritate
395 2624 492 2700 louge,
505 2636 602 2684 tamen
618 2645 635 2684 a
654 2626 863 2685 consuetudine
877 2624 1050 2684 criminandi
1070 2644 1128 2682 non

141 2698 273 2771 multum,
288 2721 335 2759 res
349 2703 526 2762 abhorrebat.

179 2779 262 2840 Quid
277 2780 317 2836 ait
330 2781 481 2839 medicusl
501 2783 573 2840 nihil
583 2785 619 2842 de
628 2803 746 2842 veneno.
788 2786 829 2842 At
844 2783 872 2841 id
887 2782 950 2841 lieri
962 2781 1062 2859 potuit,
1072 2781 1128 2859 pri·
1140 2785 1177 2840 30

139 2854 199 2928 md,
212 2857 356 2915 occultihs
370 2858 400 2916 in
420 2862 545 2936 potione,
559 2864 604 2919 vel
627 2864 656 2920 in
680 2863 764 2921 cibo:
786 2863 901 2934 deinde,
923 2862 1010 2920 etiarn
1034 2862 1125 2938 impu-

138 2934 207 2993 nibs
229 2936 270 3006 fit,
285 2937 370 3011 quod,
393 2936 461 2995 cum
483 2949 527 2995 est
550 2941 668 3011 factum,
682 2941 783 3018 negari
796 2951 895 3017 potest.
938 2940 970 2998 Si
983 2940 1078 3016 paldm
1098 2950 1127 2998 te

140 3013 342 3086 interemisset,
361 3016 491 3073 omnium
519 3017 549 3075 in
575 3038 607 3075 se
627 3019 756 3095 gentium
783 3040 840 3078 non
861 3018 953 3078 solum
978 3019 1055 3089 odia,
1076 3019 1127 3075 sed

140 3092 228 3149 etiam
259 3111 348 3164 arma,
369 3095 574 3153 convertisset:
603 3096 628 3153 si
649 3116 778 3167 veneno;
807 3098 886 3163 Jovis
907 3098 984 3155 illius
1010 3097 1126 3171 quidem

139 3171 286 3247 hospitalis
299 3191 407 3230 numen
427 3192 575 3247 uunquam
596 3177 691 3233 celare
704 3176 858 3252 potuisset3
880 3176 1009 3234 homines
1029 3175 1127 3232 fortas-
1140 3187 1176 3240 35

138 3268 171 3306 se
198 3249 355 3308 celavisset.
396 3251 487 3313 Quod
509 3252 596 3328 igitur
617 3264 646 3312 et
672 3254 816 3312 occultius
836 3253 944 3325 conari,
963 3263 992 3310 et
1011 3252 1127 3310 efficere

139 3327 264 3398 cautihs,
277 3329 384 3404 potuit;
407 3329 435 3387 id
450 3329 513 3401 tibi,
528 3341 557 3389 et
570 3333 684 3390 medico
704 3333 819 3404 callido,
833 3343 863 3391 et
882 3351 963 3390 servo
988 3328 1034 3404 (ut
1046 3341 1128 3404 puta·

138 3405 201 3484 bat)
217 3406 305 3476 fideli,
319 3427 376 3466 non
391 3409 529 3481 credidit3
544 3411 581 3468 de
596 3411 691 3482 armis,
706 3412 743 3468 de
754 3412 837 3483 ferro,
848 3413 885 3469 de
899 3408 1020 3479 insidiis,
1031 3409 1127 3466 celare

138 3493 168 3542 te
182 3484 293 3542 noluitl
333 3486 376 3543 At
388 3484 475 3561 quim
490 3487 590 3546 festive
605 3489 715 3547 crimen
730 3489 906 3547 contexitur!
949 3487 1017 3544 Tun
1030 3496 1070 3557 te,
1084 3486 1126 3544 in·

105 3632 109 3643 .
138 3562 211 3654 quit,
221 3565 410 3699 eademnque
424 3584 546 3642 semper,
561 3566 675 3624 fortuna
694 3568 834 3638 servavit3
855 3564 996 3645 negavisti
1015 3575 1077 3622 tum
1097 3575 1126 3623 te
1139 3575 1175 3630 4ο

138 3660 281 3716 msplcere
294 3660 328 3699 ve
350 3661 375 3699 e.
753 3670 757 3691 ›

178 3718 248 3777 VII.
275 3719 358 3781 Quid
378 3724 500 3798 posteat
541 3723 591 3780 An
611 3721 775 3794 Deiotarus,
802 3744 833 3782 re
853 3722 902 3782 illo
921 3733 1047 3800 tempore
1067 3743 1125 3782 non

136 3798 275 3874 perfecti,
290 3798 427 3858 continud
442 3801 551 3858 dimisit
572 3800 751 3859 exercituml
770 3804 867 3861 nullus
888 3814 950 3862 erat
972 3803 1045 3861 alius
1058 3801 1127 3860 insi-

137 3876 238 3933 diandi
259 3877 360 3935 locust
400 3879 442 3935 At
465 3877 569 3937 eodem
590 3888 629 3950 te,
653 3877 721 3937 cum
748 3882 932 3955 coenavisses,
945 3883 1125 3942 redditurum
