2702 4464
164 374 204 433 74
475 371 612 421 ORATIO
634 370 704 420 PRO
727 371 760 430 Q.
782 369 936 420 LIGARIO

216 514 285 583 bito,
301 514 369 587 quin
390 513 546 570 admiratus
572 515 622 585 sis,
642 515 687 572 vel
713 512 790 589 qudd
811 514 848 570 de
867 514 947 572 nullo
967 513 1022 571 alio
1041 513 1206 589 quisquam,

216 592 260 648 vel
285 593 361 665 quod
384 592 408 648 is
431 592 480 667 qui
504 594 534 650 in
558 593 660 651 eadem
681 593 770 650 causa
791 592 900 663 fuisset,
914 594 958 650 vel
979 593 1117 667 quidnam
1137 593 1206 650 novi

217 670 353 737 facinoris
366 671 487 728 afferret.
530 672 633 728 Scelus
652 681 684 728 tu
698 671 769 728 illud
782 689 878 742 rocas,
892 670 1031 728 Tuberol
1053 673 1127 728 curl
1149 672 1207 728 isto

216 748 295 805 enim
315 749 431 806 nomine
451 750 501 806 illa
522 750 617 806 adbuc
638 768 727 806 causa
747 749 848 806 caruit
889 749 951 806 Alii
972 768 1096 806 errorem
1111 750 1207 825 appel-

181 826 292 896 blant3
315 826 374 897 alii,
394 828 543 898 timorem3
572 828 621 902 qui
641 826 751 898 durius,
772 846 861 903 spem,
883 828 1079 904 cupiditatem,
1093 828 1204 898 odium,

215 905 423 980 pertinaciam;
445 906 494 980 qui
508 905 686 982 gravissime,
700 906 908 964 temeritatem:
929 905 1034 976 scelus,
1048 916 1149 981 praeter
1163 916 1203 976 te,

217 985 312 1040 adhuc
326 1002 419 1042 nemo.
459 985 507 1042 Ac
521 984 592 1041 mihi
606 986 732 1058 quidem,
746 984 771 1041 si
784 985 927 1061 proprium
941 995 970 1043 et
983 1003 1082 1041 verum
1097 1003 1202 1041 nomeu

215 1061 305 1118 nostri
332 1063 401 1119 mali
428 1074 580 1136 quaretur,
608 1063 703 1120 fatalis
729 1062 860 1137 quiedam
886 1062 1036 1119 calamitas
1066 1062 1204 1120 incidisse

216 1140 338 1212 videtur,
369 1150 398 1199 et
428 1141 598 1216 improvidas
628 1141 777 1198 hominum
802 1150 913 1199 mentes
938 1141 1143 1216 occupavisse3
1171 1152 1204 1198 ut

165 1221 199 1274 10
217 1237 302 1275 nemo
321 1219 420 1276 mirari
440 1219 553 1290 debeat,
568 1220 695 1276 humana
708 1218 829 1277 consilia
842 1219 940 1276 divinia
953 1219 1126 1277 necessitate
1139 1239 1204 1277 esse

217 1307 357 1370 superata

256 1374 359 1431 Liceat
372 1394 436 1432 esse
449 1375 584 1432 miseros:
605 1393 779 1449 quanquam,
793 1375 849 1433 hoc
862 1376 979 1446 victore,
994 1395 1057 1433 esse
1070 1395 1127 1433 uon
1141 1396 1204 1452 pos-

217 1471 324 1509 sumus.
367 1454 426 1509 Sed
446 1473 504 1510 non
523 1454 621 1527 loquor
642 1455 678 1510 de
698 1454 800 1511 uobis:
820 1453 857 1511 de
871 1455 928 1511 illis
940 1455 1049 1528 loquor,
1064 1455 1113 1527 qui
1125 1455 1203 1512 occi·

217 1531 329 1587 derunt.
373 1530 495 1588 Fuerint
522 1531 629 1606 cupidi,
658 1531 763 1589 fuerint
790 1532 865 1602 irati,
890 1533 996 1590 fuerint
1021 1533 1201 1607 pertinaces:

166 1613 199 1665 15
217 1609 335 1666 sceleris
355 1608 422 1666 verb
444 1611 575 1680 crimine,
591 1610 703 1680 furoris,
716 1611 873 1686 parricidii,
888 1611 976 1667 liceat
995 1606 1050 1668 cn‘.
1066 1611 1202 1686 Pompeio

217 1698 337 1757 mortuo,
358 1688 446 1744 liceat
466 1689 563 1745 multis
584 1689 657 1758 aliis,
678 1708 786 1745 carere.
827 1689 956 1750 Quando
976 1691 1030 1746 hoc
1051 1690 1202 1763 quisquam

178 1769 182 1783 ‘
217 1785 253 1822 ex
272 1775 310 1835 te,
331 1766 439 1836 Caesar,
462 1767 591 1824 audivitl
616 1777 665 1823 aut
685 1777 735 1824 tua
754 1767 822 1841 quid
844 1768 922 1837 aliud
943 1786 1023 1824 arma
1042 1768 1201 1838 voluerunt,

216 1844 273 1900 nisi
294 1863 311 1900 a
331 1854 360 1902 te
380 1846 584 1903 contumeliam
610 1846 793 1921 propulsaret
824 1847 893 1920 quid
914 1846 973 1922 egit
999 1857 1066 1903 tuus
1092 1847 1140 1903 ille
1161 1847 1202 1903 in-

216 1923 310 1979 victus
340 1923 492 1993 exercitus,
520 1925 576 1980 nisi
606 1934 638 1980 ut
667 1942 751 1980 suum
778 1923 825 2000 jus
854 1935 991 1995 tueretur,
1021 1934 1051 1982 et
1080 1925 1202 2000 dignita·

70 2010 76 2018 “
164 2010 199 2064 20
216 2010 275 2058 tem
292 2000 402 2058 *tuaml
436 2002 541 2063 Quidl
571 2012 612 2073 tu,
641 2001 708 2060 crim
736 2021 838 2077 pacem
868 2022 930 2060 esse
961 2003 1106 2079 cupiebas,
1134 2004 1202 2060 idne

218 2079 334 2155 agebas,
355 2089 386 2136 ut
406 2080 459 2137 tibi
486 2099 554 2137 cum
580 2081 737 2152 sceleratis,
759 2100 796 2139 an
822 2091 855 2139 ut
877 2101 945 2139 cum
971 2081 1054 2139 bonis
1080 2081 1200 2151 civibus,

217 2158 404 2215 conveniretl

257 2235 333 2293 Mihi
353 2235 431 2307 verb,
446 2236 554 2308 Caesar,
568 2247 619 2296 tua
639 2238 669 2295 in
689 2258 736 2297 me
755 2238 881 2296 maxima
900 2239 1003 2296 merita
1021 2248 1102 2297 tanta
1122 2236 1200 2295 certd

216 2335 274 2371 non
288 2315 462 2385 viderentur,
476 2315 501 2372 si
514 2335 571 2387 me,
586 2327 618 2373 ut
631 2318 812 2387 sceleratum,
827 2336 845 2374 a
857 2327 886 2374 te
904 2328 1103 2375 conservatum
1122 2321 1202 2393 puta-

163 2398 199 2452 25
217 2413 286 2451 rem.
327 2393 481 2454 Quomodo
502 2405 598 2452 autem
618 2405 649 2452 tu
669 2396 705 2453 de
726 2395 874 2471 republica
892 2394 966 2452 bene
981 2396 1100 2453 meritus
1113 2415 1200 2466 esses,

217 2473 241 2529 si
261 2482 303 2529 tot
322 2473 476 2531 sceleratos
496 2474 634 2531 incolumi
655 2475 794 2550 dignitate
814 2493 877 2531 esse
900 2474 1059 2531 voluisses?
1100 2476 1201 2531 Seces-

217 2551 325 2607 sionem
339 2560 370 2608 tu
385 2551 463 2608 illam
477 2552 683 2617 existimavisti,
698 2552 806 2622 Caesar,
822 2552 912 2622 initio,
926 2572 984 2610 non
998 2553 1122 2622 bellum;
1144 2573 1201 2610 non

217 2629 319 2686 hostile
345 2629 453 2700 odium,
474 2631 525 2687 sed
554 2630 638 2687 civile
665 2631 833 2699 dissidium;
865 2631 993 2705 utrisque
1020 2631 1202 2706 cupientibus

216 2707 423 2782 rempublicam
443 2708 560 2778 salvam,
577 2708 629 2765 sed
647 2710 750 2784 partim
771 2708 907 2779 consiliis,
927 2709 1031 2785 partim
1051 2710 1162 2780 studiis,
1185 2729 1202 2767 a

163 2795 200 2850 ω
217 2785 363 2842 communi
390 2786 513 2843 utilitate
544 2787 750 2843 aberrantibus.
794 2786 962 2862 Principum
989 2788 1115 2864 dignitas
1141 2798 1202 2845 erat

215 2861 290 2938 pene
309 2882 378 2938 par;
399 2884 457 2920 non
476 2883 528 2939 par
549 2865 667 2922 fortasse
687 2883 795 2935 eorum,
814 2865 863 2939 qui
883 2867 1092 2940 sequebantur:
1114 2885 1202 2923 causa

217 2951 278 2997 tum
291 2941 389 3013 dubia,
404 2941 481 3017 qudd
501 2952 563 3000 erat
584 2943 691 3017 aliquid
712 2943 742 3000 in
763 2943 884 3018 utrique
896 2954 986 3019 parte,
1001 2946 1076 3018 quod
1089 2944 1201 3020 probari

216 3030 327 3095 posset.
347 3040 426 3077 nunc
440 3022 539 3078 melior
553 3019 632 3078 certe
647 3040 682 3078 ea
693 3021 852 3097 judicanda
871 3032 924 3093 est,
937 3041 1024 3097 quam
1044 3024 1131 3081 etiam
1151 3022 1201 3079 Dii

218 3098 395 3173 adjuverunt.
437 3099 561 3176 Cognitis
582 3099 648 3158 verb
671 3100 825 3157 clementii
845 3099 905 3172 tud,
919 3101 983 3176 quis
996 3121 1053 3159 non
1068 3120 1132 3158 eam
1145 3100 1202 3157 vic-

164 3183 199 3238 35
216 3177 319 3233 toriam
332 3177 442 3253 probet,
456 3179 486 3234 in
501 3179 558 3252 qud
571 3179 711 3236 occiderit
724 3179 889 3250 nemo,·nisi
904 3181 1051 3236 armatusl

257 3255 327 3313 VII.
362 3257 477 3327 Sedet
497 3257 626 3314 omittam
647 3276 828 3315 communem
849 3276 977 3327 causam,
997 3257 1146 3315 veniamus
1166 3258 1202 3314 ad

216 3344 351 3391 nostram.
392 3333 495 3393 Utrirm
516 3337 633 3393 tandem
653 3336 799 3393 existimas
820 3336 935 3393 facilius
954 3335 1051 3406 fuisse,
1073 3335 1201 3406 Tubem,

217 3411 336 3488 Ligario
355 3433 391 3471 ex
410 3414 513 3472 Africa
534 3415 621 3484 exire,
644 3433 680 3471 an
700 3414 780 3471 vobis
800 3414 830 3471 in
851 3414 983 3471 Africam
1002 3434 1060 3472 non
1081 3415 1201 3472 venire?

219 3491 433 3562 Poteramusne,
452 3493 555 3568 inquis,
577 3490 645 3550 crim
665 3502 782 3550 senatus
802 3493 982 3550 censuissetl
1016 3493 1049 3550 Si
1069 3512 1115 3550 me
1136 3513 1203 3550 con-

165 3576 201 3630 40
219 3569 298 3638 sulis,
313 3570 392 3627 nullo
406 3571 497 3627 modo,
539 3571 598 3628 Sed
618 3580 715 3629 tamen
736 3570 886 3648 Ligarium
906 3580 1022 3628 senatus
1036 3571 1114 3629 idem
1127 3573 1204 3647 lega·

218 3656 305 3703 rerat.
346 3648 445 3722 Atque
471 3649 519 3705 ille
546 3668 580 3707 eo
606 3659 732 3725 tempore
758 3650 861 3726 paruit,
883 3649 951 3707 cum
969 3669 1071 3725 parere
1091 3651 1203 3707 senatui

217 3744 337 3782 necesse
357 3737 434 3782 erat:
456 3745 504 3783 vos
524 3736 585 3783 tum
605 3729 748 3802 paruistis,
770 3728 837 3785 cum
856 3727 951 3804 paruit
970 3747 1066 3799 nemu,
1087 3729 1135 3801 qui
1155 3748 1204 3785 no·

218 3802 280 3860 luit.
322 3803 516 3879 Reprehendo
536 3805 643 3881 igiturl
670 3807 789 3864 minime
804 3805 889 3864 verb:
909 3826 1003 3881 neque
1024 3806 1101 3864 enim
1121 3807 1204 3868 licuit

165 3956 170 3959 v
219 3881 301 3939 aliter
321 3893 415 3940 vestro
440 3883 550 3962 generi,
571 3883 690 3954 nomini,
715 3884 839 3955 familia,
860 3885 1027 3960 disciplinae.
1069 3885 1127 3953 Sed
1148 3885 1204 3942 hoc
