2702 4464
138 333 179 392 22
407 328 544 379 omno
566 291 601 378 11ss
621 328 658 377 m
682 329 713 377 c.
736 328 950 378 CATILINAM.

187 471 307 529 minime
320 482 390 548 puto
402 471 654 547 pertimescendos,
668 468 746 545 qudd
767 481 817 529 aut
837 471 944 530 deduci
967 473 1004 529 de
1020 474 1163 531 sententid

186 561 320 626 possunt;
343 561 401 622 aut,
415 551 439 607 si
453 551 670 625 permanebunt,
685 550 777 625 magis
790 550 862 606 mihi
875 550 1007 609 ridentur
1020 561 1086 609 vota
1105 554 1164 610 sac·

187 628 244 686 turi
259 639 359 686 contra
372 628 587 704 rempublicam,
601 626 688 703 qudm
703 646 782 686 arma
794 627 889 685 laturi.

227 704 283 764 IX.
305 707 438 765 Alterum
452 725 544 784 genus
558 716 601 764 est
616 725 725 777 eorum,
739 706 798 781 qui,
812 725 976 782 quanquam
995 717 1163 784 premuntur

137 800 156 855 5
188 804 244 842 aere
266 785 368 857 alieno,
392 785 616 843 dominationem
637 795 734 842 tamen
757 795 943 861 exspectant3
963 805 1058 844 rerum
1078 786 1163 862 potiri

187 863 302 932 volunt;
324 865 454 934 honores,
468 883 538 938 quos
551 863 648 938 quieta
661 862 810 938 republica
823 864 984 939 desperant,
998 865 1163 941 perturbatis

188 943 324 1017 consequi
344 961 376 999 se
395 961 476 1018 posse
501 943 683 998 arbitrantur.
723 940 842 1002 Quibus
863 943 919 1000 boc
938 943 1163 1018 praecipiendum

187 1021 309 1091 videtur,
333 1039 423 1078 unum
446 1020 558 1077 scilicet
577 1029 608 1078 et
627 1020 714 1091 idem,
735 1021 811 1095 quod
832 1022 945 1078 caeteris
963 1022 1107 1092 omnibus,
1130 1031 1162 1078 ut

187 1098 348 1174 desperent,
369 1118 400 1156 se
427 1099 467 1170 id,
487 1099 563 1173 quod
589 1107 740 1168 conantur,
761 1099 898 1173 consequi
918 1119 1017 1176 posse:
1037 1097 1162 1176 primum

139 1193 174 1248 10
187 1177 325 1248 omnium,
346 1196 393 1234 me
413 1177 505 1252 ipsum
525 1176 654 1252 vigilare,
675 1177 785 1245 adesse,
805 1178 953 1252 providere
979 1178 1161 1255 reipublicae:

188 1255 302 1325 deinde,
317 1273 436 1330 magnos
450 1255 559 1311 animos
572 1273 635 1311 esse
654 1254 684 1311 in
698 1254 780 1311 bonis
800 1254 877 1325 viris,
891 1273 1026 1332 magnam
1047 1276 1163 1314 concor·

187 1333 275 1404 diam,
290 1333 443 1389 maximam
457 1332 680 1403 multitudinem,
694 1350 814 1408 magnas
833 1344 971 1408 praeterea
985 1335 1081 1410 copias
1101 1335 1163 1391 mil-

188 1411 276 1481 itum;
298 1411 376 1468 Deos
389 1411 512 1485 denique
527 1410 701 1468 immortales
715 1411 783 1467 huic
797 1410 904 1468 invicto
916 1412 1028 1487 populo,
1040 1413 1164 1470 clarissi-

187 1507 234 1546 mo
247 1488 375 1565 imperio,
395 1489 593 1565 pulcherrime
614 1489 688 1558 urbi,
709 1498 809 1545 contra
828 1497 937 1545 tantam
957 1490 1015 1546 vim
1035 1490 1161 1561 sceleris,

139 1581 173 1634 15
186 1579 341 1643 presentes
355 1567 493 1624 auxilium
506 1585 569 1624 esse
582 1568 698 1624 laturos.
737 1564 829 1627 Quod
843 1566 867 1622 si
878 1566 938 1642 jam
956 1569 1013 1625 sint
1033 1568 1073 1640 id,
1086 1570 1161 1643 quod
1189 1590 1198 1598 ·

188 1665 254 1702 cum
269 1665 380 1703 summo
394 1646 487 1702 furore
501 1646 631 1720 cupiunt,
647 1644 759 1721 adepti;
780 1663 850 1701 num
864 1644 916 1716 illi,
925 1645 955 1702 in
964 1647 1062 1703 cinere
1073 1646 1161 1718 urbis,

187 1734 216 1781 et
229 1726 370 1801 sanguine
384 1724 490 1782 civium
505 1723 582 1798 (quae
596 1733 692 1780 mente
706 1722 902 1780 conscelerati
917 1742 952 1782 ac
971 1725 1082 1782 nefaria
1097 1744 1163 1782 con·

187 1802 364 1879 cupierunt),
373 1821 405 1859 se
414 1801 545 1859 consules
555 1820 589 1858 ac
598 1802 761 1872 dictatores,
777 1810 826 1858 aut
839 1802 927 1858 etiam
940 1822 1033 1879 reges,
1048 1814 1163 1879 sperant

188 1880 317 1938 futuros?
344 1880 412 1938 Non
432 1880 530 1936 vident
550 1880 579 1936 id
599 1899 631 1937 se
652 1898 767 1955 cupere,
787 1879 863 1955 quod
883 1880 908 1937 si
929 1881 1024 1957 adepti
1044 1881 1161 1948 fuerint,
1257 1945 1260 1949 φ

137 1969 173 2022 20
188 1958 308 2034 fugitivo
321 1959 408 2015 alicui
423 1968 472 2015 aut
485 1957 636 2033 gladiatori
651 1957 773 2015 concedi
786 1957 823 2014 sit
836 1960 978 2016 necessel

227 2036 362 2094 Tertium
375 2055 467 2113 genus
475 2046 519 2093 est
527 2046 610 2093 aetate
621 2036 680 2112 jam
691 2036 836 2106 affectum,
851 2037 901 2092 sed
912 2046 1009 2094 tamen
1024 2036 1162 2094 exercita·

187 2114 265 2172 tione
278 2116 442 2183 robustum;
463 2133 520 2190 quo
532 2133 568 2171 ex
584 2133 690 2191 genere
704 2125 747 2171 est
771 2113 831 2190 ipse
853 2112 990 2185 Manlius,
1013 2115 1062 2172 cni
1082 2134 1162 2173 nunc

186 2192 315 2251 Catilina
327 2193 466 2250 succedit.
501 2192 543 2249 Hi
556 2203 622 2250 sunt
636 2191 766 2250 homines
779 2212 815 2249 ex
829 2192 864 2249 iis
878 2193 997 2250 coloniis
1007 2211 1079 2268 quas
1093 2191 1162 2269 [Fe-

186 2271 269 2350 sulis]
286 2271 368 2328 Sulla
382 2271 547 2341 constituit;
569 2291 640 2347 quas
653 2289 708 2347 ego
729 2271 876 2328 universas
898 2271 1005 2330 civium
1019 2272 1162 2347 esseopti·
1231 2317 1232 2322 κ

136 2357 172 2410 25
186 2368 307 2421 morum,
321 2360 351 2407 et
371 2349 586 2407 fortissimorum
600 2350 735 2420 virorum,
749 2349 858 2407 sentio:
879 2351 930 2408 sed
943 2360 1040 2408 tamen
1051 2350 1081 2407 hi
1095 2360 1162 2408 suut

186 2428 290 2499 coloni,
304 2429 351 2504 qui
366 2448 407 2498 se,
423 2428 452 2485 in
467 2428 617 2504 insperatis
640 2428 852 2504 repentinisque
875 2428 1016 2504 pecuniis,
1036 2440 1162 2506 sumptu·

184 2504 263 2563 osiris
278 2503 502 2582 insolentidsque
512 2507 666 2582 jactarunt.
708 2506 760 2577 Hi,
775 2507 843 2563 dum
858 2507 1010 2576 edificant,
1025 2516 1161 2581 tanquam

186 2584 273 2654 beati,
283 2586 352 2641 dum
360 2585 484 2660 praediis,
496 2585 618 2655 lecticis,
627 2584 744 2641 familiis
757 2584 879 2660 magnis,
895 2585 1032 2642 conviviis
1046 2603 1162 2660 appara·
1200 2616 1203 2622 ·

186 2661 232 2731 tis,
247 2663 436 2731 delectantur,
451 2662 606 2719 intantum
620 2682 659 2719 aes
674 2662 799 2718 alienum
814 2662 987 2732 inciderunt,
996 2671 1037 2730 ut,
1052 2663 1076 2718 si
1090 2661 1160 2719 salvi

136 2755 172 2809 30
186 2758 249 2796 esse
262 2740 360 2809 velint,
375 2739 457 2797 Sulla
469 2739 506 2796 sit
528 2740 563 2797 iis
586 2740 622 2796 ab
651 2739 750 2796 inseris
771 2739 949 2796 excitandus.
989 2738 1160 2800 Quietiora

185 2817 338 2875 nonnullos
360 2827 495 2893 agrestes,
518 2817 647 2874 homines
667 2825 769 2873 tenues
790 2826 874 2891 atque
894 2827 1021 2892 egentes,
1043 2818 1073 2875 in
1094 2837 1162 2875 ean-

186 2895 253 2952 dem
268 2895 346 2952 illam
359 2915 438 2971 spem
452 2895 615 2971 rapinarum
637 2903 765 2951 veterum
786 2893 968 2969 impulerunt.
1009 2895 1093 2955 Quos
1106 2915 1160 2972 ego

185 2984 329 3049 utrosque,
337 2974 480 3043 Quirites,
495 2973 524 3029 in
539 2973 640 3030 eodem
653 2990 761 3047 genere
773 2972 962 3047 praedatorum
976 2973 1161 3048 direptorum·

144 3109 153 3119 ,
185 3071 241 3126 que
254 3072 336 3127 pono.
372 3051 431 3108 Sed
445 3070 493 3108 eos
506 3052 562 3108 hoc
575 3067 693 3107 moneo:
714 3050 847 3107 desinant
861 3050 1161 3127 surere,acproscrip-

136 3143 172 3197 35
185 3130 278 3187 tiones
286 3139 315 3187 et
323 3131 480 3186 dictaturas
489 3129 623 3205 cogitare.
665 3127 780 3185 Tantus
788 3128 866 3185 enim
875 3128 987 3186 illorum
1001 3139 1159 3205 temporum

186 3208 264 3266 dolor
279 3208 390 3266 inustus
403 3217 446 3265 est
460 3207 579 3276 civitati,
591 3216 623 3263 ut
633 3205 693 3282 jam
708 3206 763 3263 ista
782 3225 839 3263 non
853 3205 937 3264 modo
952 3207 1093 3279 homines,
1108 3209 1159 3265 sed

185 3306 223 3344 ne
236 3287 363 3362 pecudes
375 3286 491 3362 quidem
504 3285 576 3342 mihi
588 3303 713 3360 passurae
727 3304 789 3342 esse
804 3284 961 3342 videantur.
987 3292 1001 3331 ’ἲ

127 3364 150 3415 'l
225 3365 264 3422 X.
291 3365 438 3427 Quartum
452 3383 544 3441 genus
557 3373 600 3421 est
613 3360 683 3421 saud
697 3363 818 3433 varium,
833 3372 862 3420 et
875 3363 1005 3434 mixtum,
1020 3373 1049 3421 et
1061 3364 1160 3422 turbu·

185 3443 294 3500 lentum
303 3463 311 3512 3
331 3444 380 3518 qui
392 3442 562 3519 jampridem
569 3453 753 3518 premuntur3
774 3441 823 3516 qui
837 3453 1157 3519 nunquamemergent;

135 3530 171 3584 4ο
185 3521 244 3595 qui,
253 3522 357 3596 partim
371 3521 484 3593 inertia,
492 3520 596 3596 partim
610 3519 685 3577 male
695 3520 821 3596 gerendo
828 3521 952 3596 negotio,
960 3522 1063 3596 partim
1072 3521 1159 3578 etiam

185 3600 354 3674 sumptibus,
369 3600 400 3657 in
420 3610 516 3657 vetere
538 3618 594 3656 arte
616 3598 710 3656 alieno
731 3598 882 3655 vacillant:
903 3599 962 3673 qui,
979 3599 1159 3670 vadimoniis,

76 3726 87 3739 ,
191 3677 318 3751 judiciis,
332 3678 584 3753 proscriptionibus
597 3676 745 3747 bonorum,
760 3676 918 3752 defatigati,
933 3677 1065 3752 permulti
1082 3688 1111 3733 et
1124 3692 1159 3733 ex

187 3753 264 3813 Urbe
278 3765 356 3813 etex
370 3756 446 3832 agris
459 3775 490 3812 se
505 3756 534 3812 in
548 3756 598 3812 illa
612 3765 706 3811 castra
728 3755 858 3812 conferre
875 3755 1018 3812 dicuntur.
1060 3755 1160 3812 Hosce

186 3853 241 3912 ego
266 3853 323 3893 non
349 3843 409 3891 tam
435 3833 541 3890 milites
562 3852 654 3904 acres,
675 3830 762 3908 quim
783 3832 958 3890 inficiatores
978 3832 1080 3904 lentos,
1096 3850 1160 3889 esse
