2702 4464
141 347 183 406 68
430 343 567 393 ORATIO
587 344 658 394 PRO
681 344 719 393 Μ.
741 343 950 394 MARCELLO.

230 489 374 548 Parumne
399 488 495 565 igitur,
515 487 638 562 inquies,
661 486 781 564 gloriam
805 504 941 562 magnam
964 485 1179 561 relinquemusl

191 566 286 627 Immo
311 567 379 626 verb
407 568 480 638 aliis,
508 566 638 640 quamvis
664 566 771 634 multis„
798 565 884 633 satis3
905 564 958 621 tibi
989 565 1039 622 uni
1068 584 1178 640 parum.

189 646 342 722 Quidquid
356 647 433 704 enim
447 655 500 715 est,
515 644 644 719 quamvis
667 644 791 718 amplum
815 643 861 713 sit,
877 643 906 700 id
928 640 1007 699 certe
1042 662 1121 699 arum
1137 654 1180 700 est

191 738 262 797 tum,
278 724 345 782 crim
360 736 403 783 est
416 724 524 798 aliquid
544 723 672 797 amplius.
712 719 804 782 Quod
828 722 852 778 si
876 740 971 778 rerum
993 663 1108 778 tulrum
1129 722 1180 778 im·

158 804 363 875 5mortalium,
387 804 421 860 C.
444 803 553 871 Coesar,
576 801 624 858 hic
648 801 740 857 exitus
767 800 879 856 futurus
906 800 969 869 suit,
996 809 1038 869 ut,
1059 800 1180 857 devictis

191 883 371 953 adversariis,
385 880 592 955 rempublicam
607 879 636 936 in
651 898 685 936 eo
698 887 774 934 statu
785 878 971 951 relinqueres,
988 878 1017 934 in
1031 896 1088 952 quo
1101 898 1180 936 nunc

190 971 252 1031 est;
274 961 347 1033 vide,
363 979 467 1035 quaiso,
481 978 519 1015 ne
540 967 591 1014 tua
612 956 709 1013 divina
731 957 821 1012 virtus
845 956 1040 1014 admirationis
1060 956 1123 1031 plus
1143 956 1180 1013 sit

191 1039 334 1110 habitura,
349 1038 436 1114 quam
449 1036 565 1114 gloriae:
586 1036 727 1110 siquidem
750 1034 842 1110 gloria
865 1043 909 1091 est
932 1034 1049 1091 illustris
1064 1053 1099 1091 ac
1118 1054 1181 1110 per-

190 1127 295 1193 vagata
308 1119 462 1176 multorum
482 1124 511 1172 et
533 1132 713 1191 magnorum,
735 1112 779 1169 vel
805 1113 834 1169 in
858 1132 934 1184 suos,
948 1111 1034 1170 velin
1046 1113 1178 1188 patriam,

142 1195 177 1249 10
191 1196 234 1253 rel
250 1196 279 1253 in
293 1215 377 1253 omne
391 1213 483 1271 genus
497 1193 655 1261 hominum,
670 1192 747 1249 fama
760 1190 935 1249 meritorum.

230 1273 286 1332 IX.
321 1274 395 1331 Haec
409 1273 496 1348 igitur
510 1271 563 1327 tibi
576 1270 686 1344 reliqua
699 1288 766 1345 pars
780 1278 841 1338 est;
863 1269 911 1327 bic
932 1278 1021 1326 restat
1043 1279 1134 1340 actus,
1149 1269 1179 1328 iu

191 1350 247 1408 hoc
270 1351 475 1409 elaborandum
496 1358 549 1419 est,
574 1359 605 1404 ut
624 1347 832 1422 rempublicam
854 1348 1021 1419 constituas,
1036 1348 1127 1423 eatque
1147 1359 1179 1405 tu

191 1429 334 1506 inprimis
350 1428 545 1507 [composita]
561 1445 629 1484 cum
643 1427 755 1482 summa
769 1427 974 1501 tranquillitate
995 1438 1024 1485 et
1037 1427 1104 1496 otio,
1117 1446 1180 1502 per-

191 1507 305 1566 fruare:
326 1518 388 1565 tum
401 1517 440 1578 te,
454 1506 479 1562 si
493 1506 579 1577 voles,
595 1503 663 1562 clun
677 1514 706 1561 et
718 1505 828 1579 patriar,
843 1506 918 1579 quod
938 1505 1037 1575 debes,
1051 1505 1178 1578 solveris,

141 1585 176 1637 15
190 1596 220 1643 et
233 1597 365 1644 naturam
379 1587 470 1662 ipsam
484 1584 641 1660 expleveris
654 1584 786 1641 satietate
800 1583 923 1654 vivendi,
933 1585 1002 1640 satis
1012 1585 1062 1641 diu
1076 1585 1179 1642 vixisse

191 1665 287 1723 dicito.
327 1664 411 1726 Quid
432 1674 476 1721 est
499 1662 577 1720 enim
600 1662 718 1719 omnino
738 1663 794 1718 hoc
818 1662 910 1738 ipsum
932 1663 993 1733 diu,
1008 1663 1038 1721 in
1059 1682 1116 1737 quo
1135 1673 1179 1720 est

192 1743 300 1817 aliquid
314 1754 489 1812 extremum3
511 1742 587 1816 quod
602 1739 670 1798 cirm
684 1741 772 1811 venit,
786 1740 880 1798 omnis
893 1740 1022 1816 voluptas
1034 1743 1179 1817 praeterita

189 1840 240 1897 pro
253 1821 344 1879 nihilo
356 1831 409 1892 est,
425 1821 492 1895 quia
505 1830 605 1896 postea
618 1819 698 1876 nulla
718 1818 815 1875 futura
828 1820 892 1876 estl
931 1818 1111 1894 Quanquam
1124 1821 1178 1877 iste

190 1909 257 1956 tuus
278 1900 390 1957 animus
410 1917 558 1973 nunquam
579 1898 624 1955 his
645 1898 795 1974 angustiis,
818 1916 889 1971 quas
908 1907 1013 1955 natura
1038 1898 1121 1956 nobis
1142 1899 1179 1955 ad

138 1984 176 2038 20
190 1979 342 2036 vivendum
373 1977 462 2049 dedit,
490 1986 643 2036 contentus
671 1975 740 2046 fuit3
769 1994 937 2051 semperque
958 1976 1179 2034 immortalitatis

190 2075 286 2115 amore
300 2056 439 2133 flagravit.
789 2058 791 2064 ’

228 2135 258 2193 N
260 2155 295 2193 ec
308 2134 376 2193 verb
391 2136 454 2193 haec
467 2144 518 2192 tua
532 2135 591 2192 vita
604 2133 738 2191 ducenda
752 2143 805 2205 est,
819 2151 882 2206 quae
903 2151 1021 2208 corpore
1035 2143 1064 2190 et
1078 2133 1177 2209 spiritu

190 2214 360 2272 continetur.
410 2214 475 2284 llla,
502 2214 561 2284 illa,
589 2213 716 2287 inquam,
743 2212 802 2268 vita
828 2221 872 2268 est
898 2221 957 2282 tua,
985 2230 1048 2285 quae
1071 2212 1177 2288 vigebit

189 2293 328 2351 memoria
351 2293 522 2351 seculorum
545 2291 690 2360 omnium3
712 2308 798 2366 quam
823 2290 974 2366 posteritas
1002 2290 1068 2360 alet,
1091 2310 1177 2365 quam
1215 2325 1216 2328 =

138 2373 174 2430 25
191 2371 251 2448 ipsa
264 2372 408 2429 aeternitas
432 2390 543 2447 semper
564 2370 699 2427 tuebitur.
741 2369 822 2426 Huic
843 2380 875 2425 tu
897 2367 1045 2438 inservias,
1060 2369 1129 2426 huic
1149 2380 1178 2427 te

188 2460 324 2522 ostentes,
350 2459 476 2527 oportet:
510 2469 574 2526 quaa
601 2448 727 2523 quidem,
754 2466 818 2522 quaa
852 2447 981 2517 miretur,
1007 2447 1177 2523 jampridem

189 2531 280 2587 multa
293 2530 398 2598 habet3
419 2548 508 2599 nunc,
523 2529 611 2586 etiam
624 2547 687 2602 quae
701 2527 809 2595 laudet,
824 2534 978 2601 exspectat.
1019 2525 1178 2601 Obstupes-

189 2618 257 2665 cent
277 2608 381 2684 posteri
406 2606 496 2678 certe,
511 2606 640 2683 imperia,
663 2604 835 2681 provincias,
849 2605 998 2676 Rhenum,
1012 2603 1176 2677 Oceanum,

188 2684 301 2756 Nilum,
322 2704 434 2762 pugnas
455 2683 688 2754 innumerabiles,
703 2683 888 2741 incredibiles
914 2683 1057 2754 victorias,
1079 2703 1177 2742 monu-

137 2772 173 2826 30
189 2774 286 2821 menta
300 2765 460 2834 innumera,
475 2764 632 2838 triumphos
646 2763 796 2819 audientes
809 2772 838 2819 et
855 2762 984 2838 legentes
993 2772 1065 2820 tuos.
1107 2764 1176 2835 Sed,

188 2842 245 2899 nisi
259 2844 322 2899 haec
336 2843 404 2899 urbs
417 2841 544 2899 stabilita
557 2841 614 2898 tuis
629 2841 757 2897 consiliis
771 2850 800 2897 et
822 2841 960 2898 institutis
983 2841 1047 2911 erit,
1062 2842 1177 2918 vagabi-

188 2930 235 2977 tur
249 2919 334 2978 modd
348 2939 453 2978 nomen
467 2930 549 2976 tuum
562 2916 648 2995 longe
664 2929 749 2994 atque
769 2917 845 2988 late3
866 2921 964 2977 sedem
985 2921 1101 2993 quidem
1122 2931 1177 2977 sta·

170 2999 276 3061 ,bilem
300 3009 329 3056 et
350 2998 528 3057 domicilium
556 3008 667 3056 certum
687 3018 745 3055 non
766 2998 890 3055 habebit.
931 2998 1005 3069 Erit,
1034 2999 1176 3057 intereos

188 3077 276 3134 etiam
297 3079 345 3152 qui
367 3087 532 3148 nascentur,
555 3077 630 3134 sicut
652 3077 726 3134 inter
747 3096 800 3134 nos
823 3076 886 3147 fuit,
900 3094 1006 3152 magna
1026 3078 1175 3147 dissensio,

137 3162 172 3216 35
189 3155 257 3214 cirm
272 3157 321 3213 alii
334 3156 468 3213 laudibus
483 3157 518 3212 ad
533 3157 638 3213 coelum
652 3175 698 3212 res
712 3165 777 3212 tuas
799 3165 895 3231 gestas
915 3156 1044 3226 efferent,
1060 3157 1108 3212 alii
1123 3158 1177 3214 for·

188 3244 264 3293 tasse
279 3235 386 3310 aliquid
400 3235 555 3309 requirent,
571 3236 657 3309 idque
670 3234 715 3290 vel
739 3233 906 3304 maximum,
921 3233 976 3291 nisi
1000 3234 1068 3291 belli
1083 3234 1176 3291 civilis

188 3314 356 3371 incendium
385 3314 476 3371 salute
506 3315 605 3390 patriae
635 3312 818 3382 restinxeris3
849 3322 881 3369 ut
909 3312 980 3369 illud
1007 3312 1057 3369 fati
1088 3313 1176 3370 fuisse

188 3393 327 3464 videatur,
342 3394 397 3451 hcc
411 3393 533 3451 consilii.
575 3391 656 3449 Servi
681 3391 767 3467 igitur
791 3391 827 3448 iis
850 3392 937 3448 etiam
956 3391 1112 3466 judicibus,
1127 3391 1176 3467 qui

188 3472 285 3529 multis
297 3470 362 3549 pdst
386 3472 499 3529 saeculis
522 3472 558 3528 de
581 3480 610 3527 te
631 3470 812 3546 judicabunt,
827 3479 856 3527 et
877 3470 992 3544 quidem
1013 3469 1090 3527 haud
1105 3471 1175 3540 scio,

138 3553 173 3607 to
189 3568 225 3606 an
240 3548 441 3626 incorruptius,
455 3549 542 3625 quam
556 3569 624 3608 nos:
645 3567 712 3607 nam
727 3558 756 3606 et
777 3549 839 3607 sine
864 3568 959 3606 amore
973 3557 1002 3605 et
1015 3548 1078 3605 sine
1098 3550 1177 3624 cupi·

188 3629 288 3699 ditate,
302 3639 330 3686 et
352 3649 449 3687 rursus
473 3629 534 3687 sine
557 3629 623 3686 odic
646 3637 675 3686 et
695 3628 757 3684 sine
779 3627 897 3699 invidit,
918 3627 1098 3703 judicabunt.
1141 3627 1176 3684 ld

189 3717 284 3763 autem
299 3708 386 3764 etiam
400 3708 424 3764 si
438 3718 509 3765 tunc
524 3708 560 3763 ad
573 3717 602 3765 te
618 3706 664 3781 (nt
677 3706 794 3782 quidam
808 3705 880 3764 falsd
900 3709 1015 3784 putant)
1037 3726 1094 3763 non
1114 3725 1177 3780 per·

187 3785 306 3856 tinebit;
327 3806 406 3844 nunc
434 3786 512 3843 certe
540 3786 672 3862 pertinet,
687 3804 750 3843 esse
771 3795 800 3843 te
821 3786 918 3859 talem,
932 3795 964 3842 nt
985 3795 1050 3842 tuas
1075 3785 1176 3842 laudes

187 3865 374 3922 obscuratura
387 3865 467 3923 nulla
481 3883 607 3941 unquam
620 3864 657 3922 sit
670 3864 783 3923 oblivio.
