2658 4468
195 394 253 451 158
481 376 617 444 orario
639 394 677 443 tu
700 394 737 442 u.
759 393 975 443 nunonruu.

241 545 270 592 et
283 545 391 611 quanta
411 535 618 594 barbariaestl
660 536 788 612 Agmine
809 537 957 611 quadrato
980 553 1051 592 curn
1073 532 1177 610 gladiis
1199 551 1238 589 se·

240 625 366 688 quantur
381 614 503 672 milites:
531 625 678 672 scutorum
698 615 818 671 lecticas
831 614 944 690 portari
959 613 1105 670 videmus.
1148 613 1237 685 Atque

241 691 286 748 his
304 693 420 767 quidem
437 693 496 769 jam
518 693 694 762 inveteratis,
708 692 810 749 Patres
830 691 1016 767 conscripti,
1032 689 1237 747 consuetudine

239 770 437 828 obduruimus.
478 771 616 828 Calendis
637 769 735 828 Juniis
748 769 815 827 clim
831 771 860 828 ln
879 780 1023 827 senatum
1040 768 1087 846 (ut
1100 778 1162 824 erat
1175 786 1237 823 cou-

208 848 228 902 5
241 848 386 927 stitutum)
401 849 499 906 venire
510 849 657 920 vellemus,
672 860 750 907 metu
760 850 905 924 perterriti
920 846 1048 924 repente
1064 845 1234 921 diffugimus.

208 936 211 941 '
281 927 323 983 At
344 927 407 998 iste,
430 928 478 1003 qui
500 938 603 985 senatu
625 947 683 984 non
705 938 813 1004 egeret,
827 924 924 1004 neque
951 925 1132 983 desideravit
1155 942 1235 998 quen-

240 1024 338 1079 quam,
352 1016 382 1063 et
401 1006 497 1082 potius
517 1006 645 1064 discessu
668 1017 765 1063 nostro
786 1005 899 1064 laetatus
921 1015 989 1074 est3
1023 1003 1179 1076 statimque
1193 1000 1235 1056 illa

241 1084 386 1143 mirabilia
407 1085 536 1142 facinora
556 1084 661 1143 effecit.
701 1084 765 1146 Qui
786 1084 985 1161 chirographa
999 1081 1130 1139 Caesaris
1144 1079 1235 1135 desen·

242 1161 330 1219 disset
343 1163 416 1220 lucri
430 1164 475 1221 sui
496 1164 595 1235 causi,
609 1164 634 1220 is
654 1163 733 1239 leges
746 1163 879 1234 Caesaris,
901 1180 1016 1237 easque
1030 1159 1192 1235 praeclaras,
1207 1167 1234 1213 ut

193 1234 229 1289 10
243 1241 450 1316 rempublicam
464 1252 620 1298 concutere
640 1251 745 1317 posset,
759 1242 868 1299 evertit.
910 1240 1085 1298 Numerum
1100 1252 1233 1293 annorum

241 1319 396 1392 provinciis
415 1320 591 1394 prorogavit:
623 1319 766 1395 idemque,
788 1319 855 1379 chm
880 1329 1019 1377 actorum
1043 1314 1169 1374 Caesaris
1190 1313 1233 1367 de·

242 1396 337 1452 fensor
350 1414 414 1452 esse
434 1396 562 1468 deberet,
584 1408 614 1454 et
634 1399 664 1454 in
678 1397 802 1473 publicis
822 1411 853 1457 et
866 1398 896 1455 in
918 1396 1044 1473 privatis
1066 1394 1153 1451 rebus
1174 1400 1233 1447 acta

242 1473 366 1530 Caesaris
389 1474 515 1533 rescidit.
570 1475 606 1533 In
632 1476 757 1552 publicis
781 1478 852 1535 nihil
879 1487 924 1534 est
949 1477 1019 1552 lege
1044 1472 1177 1550 gravius?
1207 1470 1232 1523 lss

242 1551 358 1627 privatis
384 1553 578 1612 firmissimum
605 1565 650 1611 est
675 1565 887 1613 testamentum.
946 1555 1049 1630 Leges
1078 1550 1149 1606 alias
1174 1546 1231 1603 sine

194 1631 229 1686 15
242 1630 469 1707 promulgatione
483 1633 615 1691 sustulit:
645 1633 715 1690 alias
729 1642 761 1689 ut
780 1635 901 1700 tolleret,
915 1629 1126 1708 promulgavit.
1166 1624 1232 1681 Tes-

242 1718 401 1766 tamentum
426 1711 536 1768 irritum
552 1712 637 1780 secit;
666 1712 741 1786 quod
763 1713 848 1770 etiarn
864 1711 974 1769 infimis
997 1709 1114 1768 civibus
1127 1719 1231 1778 semper

241 1787 390 1845 obtentum
404 1799 457 1846 est.
507 1790 608 1866 Signa,
630 1790 751 1861 tabulas,
766 1810 837 1866 quas
850 1790 956 1866 populo
978 1790 1083 1847 Caesar
1097 1784 1157 1843 unia
1169 1797 1230 1838 cum

243 1864 331 1922 bortis
352 1866 467 1943 legavit,
487 1886 537 1924 eas
559 1869 607 1925 hic
630 1869 732 1942 partim
754 1869 784 1927 in
799 1871 895 1928 hortos
917 1867 1054 1945 Pompeii
1068 1858 1221 1940 deportavit

241 1943 343 2018 partim
359 1945 388 2000 in
403 1945 499 2002 villam
514 1946 667 2021 Scipionis.
685 2014 691 2025 ,

191 2027 228 2080 w
281 2021 396 2080 XLIII.
437 2023 476 2081 Et
486 2034 517 2080 tu
528 2024 558 2081 in
569 2025 694 2082 Caesaris
705 2027 842 2084 memorii
853 2026 998 2103 diligensl
1020 2034 1054 2082 tu
1065 2022 1146 2080 illum
1157 2030 1229 2073 amas

242 2104 409 2158 mortuuml
459 2102 559 2164 Quem
586 2103 610 2159 is
633 2103 770 2179 majorem
794 2106 930 2163 honorem
960 2111 1142 2162 consecutus
1164 2102 1227 2160 erat,

241 2175 328 2252 quim
343 2190 373 2236 ut
388 2180 506 2238 haberet
524 2182 665 2257 pulenar,
680 2183 875 2254 simulacrum,
891 2183 1053 2258 fastigium,
1069 2169 1227 2259 flamineml

243 2255 297 2313 Est
310 2276 379 2334 ergo
393 2258 508 2331 flamen,
521 2272 551 2317 ut
565 2259 640 2331 Iovi,
652 2271 683 2318 ut
697 2261 795 2332 Marti,
809 2275 841 2320 ut
853 2256 991 2333 Quirino,
1008 2261 1053 2319 sic
1068 2257 1143 2316 Divo
1156 2250 1228 2309 Juho
1250 2311 1252 2313 ,

244 2333 286 2392 Μ.
309 2336 476 2395 Antonius?
516 2339 598 2401 Quid
621 2339 707 2415 igitur
729 2343 847 2398 cessasl
878 2360 931 2398 cur
950 2360 1011 2399 non
1037 2326 1226 2411 inauguraret

192 2415 229 2470 25
244 2432 325 2471 sume
336 2416 430 2474 diem:
452 2418 527 2488 vide,
548 2418 639 2494 quite
661 2419 822 2495 inauguret.
862 2419 944 2477 Colle
966 2438 990 2476 a
1006 2432 1127 2482 sumus;
1147 2423 1226 2467 neffl⁰

243 2494 370 2569 negabit.
411 2494 440 2552 Ο
454 2497 650 2554 detestabilem
673 2498 828 2568 hominem,
843 2497 902 2554 sive
915 2497 992 2572 quod
1007 2492 1126 2574 tyranni
1140 2502 1225 2545 sacer·

243 2570 350 2642 doses,
364 2573 512 2649 sivequdd
528 2575 648 2633 mortui!
688 2575 799 2637 Quaero
817 2576 965 2651 deinceps,
979 2595 1062 2645 num,
1078 2568 1224 2629 hodiernus

243 2648 306 2704 dies
319 2651 367 2724 qui
382 2652 428 2721 sit,
443 2653 580 2728 ignoresl
610 2654 707 2710 nescis
727 2652 789 2713 herl
803 2665 934 2730 quartum
950 2654 980 2711 iu
994 2654 1086 2711 Circo
1099 2648 1172 2706 diem
1186 2642 1224 2698 lu·

243 2725 346 2782 dorum
367 2727 566 2787 Romanorum
590 2731 697 2788 fuisset
731 2743 760 2789 te
785 2734 878 2807 ipsum
905 2748 1000 2790 autern
1030 2732 1068 2790 ad
1094 2722 1222 2803 populum

192 2804 228 2858 w
243 2803 352 2873 tulisse,
367 2816 399 2861 nt
419 2808 536 2881 quintus
553 2819 692 2883 praeterea
714 2811 777 2867 dies
791 2811 900 2869 caesari
924 2808 1121 2869 tribuereturl
1167 2799 1223 2855 (3¹1r

242 2899 301 2937 nou
315 2900 415 2939 sumus
428 2887 607 2960 prretextatil
628 2905 680 2943 cur
694 2888 842 2960 honorem,
857 2889 966 2947 Caesari
979 2890 1030 2945 tuit
1045 2890 1110 2963 lege
1121 2883 1221 2942 datum,

243 2958 337 3016 deseri
360 2962 502 3035 patImurl
550 2964 600 3021 An
621 2965 855 3040 supplicationes,
878 2968 1010 3025 addendo
1030 2968 1118 3034 diem,
1132 2964 1221 3043 willa·

242 3037 346 3094 minari
359 3057 461 3113 passus
473 3060 521 3111 es;
542 3042 703 3117 pulvinaria
723 3046 861 3103 noluistil
902 3047 964 3103 Aut
977 3045 1104 3121 undique
1117 3036 1221 3110 religw·

242 3133 308 3172 nem
324 3116 400 3188 tolle,
415 3128 465 3176 aot
477 3140 679 3196 usquequaque
693 3142 840 3181 conserva.

192 3201 229 3258 35
281 3194 415 3267 Quaeres,
429 3198 580 3273 placeatne
592 3201 662 3256 mihi
672 3201 802 3276 pulvinar
813 3221 886 3273 esse,
901 3201 1057 3278 fastigium,
1072 3195 1217 3275 flaminem·

243 3270 319 3330 Mihi
339 3273 406 3331 verb
429 3277 501 3335 nihil
522 3278 640 3335 istorum
661 3280 764 3355 placet.
806 3281 865 3337 Sed
888 3292 929 3349 tu,
947 3281 996 3356 qui
1019 3291 1084 3337 acta
1105 3276 1218 3333 Caesffli

243 3351 384 3425 delendis,
395 3355 462 3429 quid
478 3357 679 3432 potes'dicere,
690 3377 742 3415 cur
757 3359 813 3415 alia
823 3358 971 3426 delendas,
984 3358 1108 3416 alienon
1119 3343 1214 3410 curesl

242 3430 300 3487 nisi
314 3432 385 3490 sorte
401 3434 443 3491 vis
457 3434 548 3506 interl,
564 3447 591 3492 te
609 3436 707 3493 omnia
719 3447 828 3512 quaestu
842 3447 900 3506 tuo,
916 3456 974 3494 non
989 3437 1064 3494 illius
1077 3429 1216 3510 dignitate,

243 3511 347 3567 metiri.
386 3511 468 3573 Quid
484 3515 521 3571 ad
542 3515 605 3571 baec
626 3514 764 3572 tandeml
794 3526 930 3590 exspecto
943 3515 1021 3572 enim
1034 3505 1216 3589 eloquentiam

192 3582 229 3637 ¹¹0
243 3597 331 3646 tuam.
372 3589 598 3649 Disertissimum
613 3594 735 3669 cognovi
746 3611 830 3650 avum
844 3603 943 3650 tuum:
965 3603 993 3649 at
1005 3604 1033 3649 te
1046 3594 1131 3650 etiam
1145 3598 1216 3659 aper·

243 3665 344 3723 tiorem
359 3667 388 3724 in
410 3668 543 3727 dicendo.
591 3670 645 3728 Ille
667 3690 813 3747 nunquam
835 3672 931 3729 nudus
954 3681 998 3728 est
1019 3671 1216 3728 concionatus:

243 3749 324 3799 tuum
339 3745 463 3803 hominis
482 3748 620 3824 simplicis
640 3760 741 3825 pectus
755 3749 887 3807 vidimus.
930 3749 1165 3825 Respondebisne
1184 3734 1216 3792 ad

243 3817 326 3878 haecl
348 3833 397 3880 aut
409 3825 528 3883 omnino
538 3826 650 3884 hiscere
665 3828 804 3886 audebisl
845 3827 959 3903 Ecquid
972 3828 1108 3904 reperies,
1118 3841 1153 3881 ex
1164 3829 1216 3876 tam

243 3895 330 3972 longb
342 3901 471 3988 oratIone
484 3903 560 3973 med,
574 3904 623 3961 cui
637 3917 665 3962 te
685 3907 858 3981 respondere
881 3924 965 3982 posse
979 3905 1128 3966 mnfidast
1165 3889 1217 3955 Sfld

192 3980 228 4034 45
244 3984 386 4046 praeterita
399 3987 571 4036 omittamus.
