2702 4464
142 345 182 403 32
410 345 546 394 ORATIO
567 346 616 394 111.
639 346 677 394 IN
699 347 730 395 L.
754 347 965 397 CATILINAM.

194 485 240 542 tis.
281 484 358 543 Illud
372 485 439 544 verb
453 506 548 546 nonne
562 487 602 544 ita
614 507 739 562 presens
759 500 812 560 est,
826 499 858 546 ut
881 500 953 547 nutu
966 491 1046 549 Jovis
1066 490 1177 568 Optimi

194 561 316 620 Maximi
339 564 447 621 factum
471 585 534 622 esse
556 566 695 637 videatur,
710 577 751 638 ut,
767 565 844 637 crim,
859 569 997 627 hodierno
1017 570 1065 626 die
1078 569 1176 642 mand,

193 659 243 715 per
257 641 350 698 forum
363 661 428 699 meo
439 643 520 718 jussu
534 654 562 700 et
577 643 728 719 conjurati,
743 655 772 702 et
793 664 891 702 eorum
905 646 1025 718 indices,
1041 648 1071 704 in
1085 649 1176 705 aedem

193 719 363 776 Concordiae
377 720 561 791 ducerentur,
576 741 611 779 eo
624 722 684 796 ipso
705 732 831 798 tempore
853 724 967 799 signum
981 727 1174 784 statueretur?

159 800 249 869 5un
263 797 412 868 collocato,
435 809 519 873 atque
542 800 577 855 ad
591 819 640 856 vos
661 811 849 873 senatumque
871 820 1016 874 converso,
1030 804 1128 861 omnia
1146 814 1175 862 et

192 885 318 945 senatus,
333 887 362 933 et
374 895 433 946 vos,
448 896 510 950 quae
532 886 614 933 erant
627 888 727 934 contra
747 878 869 935 salutern
889 880 1017 937 omnium
1039 882 1174 957 cogitata,

192 952 332 1010 illustrata
346 963 375 1010 et
387 955 532 1029 patefacta
545 955 662 1011 vidistis.

229 1029 300 1090 Quo
313 1032 399 1088 etiam
414 1032 520 1106 majore
540 1042 606 1088 sunt
629 1032 677 1089 isti
699 1033 765 1090 odio
792 1033 987 1109 supplicioque
1014 1036 1104 1112 digni,
1125 1037 1174 1111 qui

191 1127 249 1165 nou
262 1106 354 1166 solum
368 1110 468 1165 vestris
482 1110 635 1167 domiciliis
655 1121 740 1184 atque
753 1112 848 1182 tectis,
862 1113 912 1168 sed
936 1114 1023 1170 etiam
1047 1114 1174 1172 Deorum

148 1186 177 1241 10
191 1187 304 1262 templis
319 1198 402 1261 atque
417 1188 552 1258 delubris,
567 1198 633 1245 sunt
654 1189 780 1246 funestos
802 1209 836 1246 ac
850 1191 974 1248 nefarios
994 1192 1076 1267 ignes
1089 1193 1175 1250 infer·

191 1283 223 1320 re
236 1266 350 1321 conati:
371 1266 475 1339 quibus
488 1285 543 1342 ego
558 1267 582 1322 si
603 1285 650 1322 me
671 1267 808 1324 restitisse
830 1268 936 1338 dicam,
958 1269 1078 1326 nimium
1101 1271 1172 1328 mihi

193 1355 313 1412 minam,
328 1352 356 1399 et
369 1363 426 1400 non
450 1344 504 1400 sim
526 1344 677 1401 ferendus:
698 1345 756 1415 ille,
779 1345 827 1402 ille
849 1345 961 1421 Jupiter
983 1349 1102 1404 restitit:
1124 1349 1173 1405 ille

192 1418 374 1494 Capitolium,
390 1422 437 1478 ille
451 1424 514 1478 haec
528 1423 642 1497 templa,
657 1422 705 1479 ille
719 1424 794 1480 banc
817 1424 927 1493 urbem,
943 1425 991 1481 ille
1012 1444 1060 1482 vos
1073 1445 1173 1483 ornnes

192 1498 283 1555 salvos
296 1518 359 1555 esse
373 1500 467 1556 voluit.
509 1499 574 1555 Diis
583 1519 636 1575 ego
651 1500 857 1557 immortalibus
867 1502 990 1559 ducibus
1003 1505 1079 1567 hanc
1093 1523 1173 1560 meu·

143 1588 176 1641 15
191 1584 260 1645 tem,
277 1576 419 1647 Quirites,
441 1577 671 1650 voluntatemque
693 1579 816 1654 suscepi,
842 1590 927 1653 atque
951 1581 987 1637 ad
1009 1582 1071 1638 haec
1092 1592 1173 1638 tanta

191 1653 300 1710 indicia
312 1655 436 1730 perveni.
478 1655 495 1710 J
499 1674 545 1711 arn
559 1653 626 1711 verd
641 1656 690 1711 illa
704 1657 891 1732 Allobrogum
906 1658 1076 1729 sollicitatio,
1091 1660 1134 1715 sic
1155 1678 1172 1716 1

190 1731 314 1789 Lentulo
337 1733 504 1805 caeterisque
525 1734 689 1790 domesticis
712 1735 850 1805 hostibus,
873 1745 954 1792 tanta
977 1756 1032 1806 res,
1046 1747 1104 1792 tam
1125 1738 1172 1794 de-

189 1821 300 1867 menter
314 1811 424 1867 credita
447 1821 476 1867 et
503 1811 606 1886 ignotis
630 1822 659 1868 et
682 1812 820 1882 barbaris,
845 1815 1059 1887 commissaque
1082 1815 1171 1872 literae

190 1907 337 1961 nunquam
351 1899 446 1944 essent
459 1888 597 1964 profectd,
608 1890 663 1946 nisi
678 1909 695 1945 a
708 1890 773 1946 Diis
784 1891 990 1948 immortalibus
1004 1893 1072 1949 huic
1085 1903 1171 1950 tantae

140 1973 176 2027 20
192 1967 319 2023 audaciae
334 1967 485 2023 consilium
499 1976 574 2023 esset
587 1978 723 2043 ereptum.
763 1968 847 2029 Quid
868 1968 958 2026 verdl
988 1979 1020 2025 ut
1043 1971 1172 2027 homines

190 2044 276 2114 Galli,
291 2064 327 2101 ex
341 2045 456 2101 civitate
469 2042 544 2101 male
558 2047 671 2120 pacati,
688 2045 765 2121 (quae
779 2066 850 2123 gens
864 2066 922 2104 una
938 2058 1035 2117 restat,
1050 2068 1113 2122 quae
1125 2069 1172 2124 po-

189 2123 256 2196 pulo
269 2122 403 2180 Romano
417 2123 523 2180 bellum
538 2124 633 2180 facere
649 2135 678 2181 et
698 2144 780 2199 posse
801 2135 831 2181 et
851 2145 909 2182 non
929 2126 1005 2183 nolle
1026 2127 1169 2204 videatur)

189 2219 268 2275 spem
283 2201 393 2276 imperii
408 2211 437 2257 et
450 2220 545 2257 rerum
570 2202 805 2277 amplissimarum
830 2203 905 2261 ultro
927 2204 982 2260 sibi
1006 2222 1023 2260 1
1043 2205 1172 2279 patriciis
1267 2215 1270 2219 “

190 2276 352 2351 bominibus
365 2280 489 2336 oblatam
503 2279 691 2356 negligerent,
706 2290 885 2354 vestramque
907 2283 1028 2338 salutem
1042 2283 1101 2339 suis
1114 2284 1172 2358 opi·
1237 2293 1238 2297 ’

139 2361 175 2413 25
189 2356 242 2412 bus
257 2368 475 2432 ¹anteponerent3
497 2357 527 2414 id
540 2378 597 2414 non
612 2359 747 2415 divinitus
761 2359 869 2416 sactum
880 2379 943 2416 esse
956 2361 1081 2435 putatisl
1102 2381 1172 2436 prae·

189 2435 286 2501 sertim
300 2436 349 2510 qui
363 2455 424 2506 nos,
439 2455 496 2492 uon
509 2437 672 2512 pugnando,
687 2438 738 2493 sed
761 2438 894 2508 tacende,
918 2457 1052 2514 superare
1074 2450 1172 2514 potue·

187 2515 273 2569 runtl

227 2590 266 2647 X.
285 2590 494 2663 Quamobrem,
515 2591 657 2663 Quirites,
680 2593 815 2666 quoniam
838 2594 874 2650 ad
895 2593 992 2650 omnia
1011 2594 1170 2668 pulvinaria

189 2669 356 2743 supplicatio
370 2670 487 2726 decreta
501 2679 553 2740 est,
568 2670 740 2728 celebratote
755 2671 817 2728 illos
838 2671 900 2727 dies
920 2690 987 2727 cum
1001 2672 1171 2746 conjugibus
1216 2690 1222 2698 ’

139 2748 175 2801 30
190 2764 224 2802 ac
238 2746 335 2802 liberis
345 2747 452 2804 vestris,
493 2747 572 2804 Nam
581 2748 664 2804 multi
675 2767 748 2823 saepe
757 2749 877 2806 honores
886 2747 951 2804 Diis
964 2748 1171 2805 immortalibus

194 2824 263 2897 justi
278 2825 367 2881 habiti
381 2834 448 2881 sunt
463 2844 497 2881 ac
521 2826 620 2896 debiti,
635 2826 685 2882 sed
708 2824 835 2901 profecto
857 2825 990 2900 justiores
1012 2845 1169 2900 nunquam.

189 2900 289 2977 Erepti
302 2904 379 2959 enim
400 2922 436 2959 cx
449 2903 646 2961 crudelissimo
668 2922 702 2960 ac
718 2903 877 2960 miserrimo
891 2903 1017 2972 interitu,
1032 2913 1061 2959 et
1080 2904 1170 2979 erepti

190 2979 252 3036 sine
266 2982 354 3051 caede,
370 2981 431 3038 sine
445 2982 596 3058 sanguine,
610 2982 672 3038 sine
686 2982 824 3052 exercitu,
839 2981 900 3038 sine
921 2981 1115 3051 dimicatione,
1130 2992 1170 3039 to·
1242 3008 1245 3017 ·

190 3059 260 3132 gati,
274 3077 320 3115 me
335 3078 392 3115 uno
405 3069 501 3133 togato
514 3060 588 3116 duce
602 3070 631 3116 et
645 3060 823 3135 imperatore,
838 3059 954 3116 vicistis.
996 3058 1113 3117 Etenim
1127 3080 1170 3116 re-

140 3136 175 3188 35
190 3137 359 3206 cordamini,
372 3136 515 3207 Quirites,
529 3156 628 3194 omnes
643 3137 741 3195 civiles
755 3137 955 3208 dissensiones,
970 3156 1063 3211 neque
1077 3135 1169 3195 solum

189 3232 238 3270 eas
252 3234 322 3288 quas
337 3213 465 3285 audistis,
477 3217 527 3272 sed
541 3225 568 3271 et
583 3216 634 3271 has
645 3235 716 3288 quas
725 3226 833 3273 vosmet
843 3216 896 3291 ipsi
910 3215 1079 3273 meministis
1093 3227 1121 3273 et
1131 3217 1171 3273 vi·

189 3292 278 3350 distis.
320 3293 354 3349 L.
370 3294 451 3350 Sulla
474 3293 506 3349 P.
522 3293 683 3369 Sulpicium
706 3294 860 3368 oppressit;
882 3313 917 3350 cx
940 3293 1010 3349 urbe
1033 3293 1119 3368 ejecit
1133 3296 1168 3352 C.

188 3369 325 3441 Marium,
341 3372 488 3428 custodem
498 3371 582 3446 hujus
596 3371 692 3440 urbis;
714 3372 873 3446 multosque
885 3371 970 3429 fortes
980 3371 1053 3428 viros
1066 3374 1170 3448 partim

188 3448 273 3524 ejecit
283 3469 319 3506 ex
333 3450 458 3518 civitate,
468 3450 571 3524 partim
585 3449 738 3506 interemit.
780 3449 834 3506 Cn.
845 3449 995 3520 Octavius,
1007 3453 1116 3523 consul,
1129 3472 1171 3508 ar·

140 3524 174 3576 40
188 3527 242 3583 mis
256 3546 290 3583 ex
304 3527 383 3584 Urbe
397 3527 536 3602 collegam
551 3546 633 3583 suum
648 3527 771 3602 expulit:
791 3528 884 3584 omnis
898 3528 946 3585 hic
966 3527 1047 3585 locus
1061 3531 1170 3587 acervis

188 3623 337 3679 corporum
350 3615 379 3662 et
393 3605 499 3661 civium
520 3605 661 3680 sanguine
684 3606 861 3663 redundavit.
903 3604 1054 3681 Superavit
1072 3618 1170 3682 postea

188 3681 285 3739 Cinna
298 3701 364 3739 cum
379 3682 483 3740 Mario.
524 3683 603 3739 Tum
627 3681 705 3753 verd,
721 3684 887 3740 clarissimis
909 3684 978 3740 viris
1001 3684 1169 3755 intersectis,

186 3760 296 3819 lumina
324 3761 447 3817 civitatis
471 3761 612 3818 exstincta
633 3772 707 3818 sunt.
757 3760 842 3818 Ultus
865 3771 908 3819 est
935 3761 1018 3836 hujus
1045 3762 1169 3819 victoriae

186 3838 385 3914 crudelitatem
399 3849 497 3915 postea
511 3838 607 3909 Sulla3
629 3858 684 3896 nec
698 3839 757 3896 dici
772 3840 887 3912 quidem
907 3859 977 3915 opus
996 3849 1049 3909 est,
1063 3840 1169 3914 quanti
