2702 4464
176 368 220 429 η
453 367 592 419 oasam
612 367 683 419 PRO
703 366 845 418 ARCHIA
867 365 996 417 Poma.

230 510 319 570 etiam
338 510 398 569 suia
423 511 577 571 tradituros
603 530 668 570 esse
687 510 808 569 conlido.
849 508 978 587 Corpora
996 530 1064 569 vero
1085 529 1148 583 sna,
1168 531 1219 588 pro

230 591 323 647 salute
336 609 437 666 regum
451 610 577 662 suorum,
591 591 622 648 bi
641 590 730 666 legati
750 589 804 646 tibi
823 589 897 665 regii
916 591 1044 661 tradunt,
1058 590 1175 662 Hieras,
1189 599 1219 648 et

231 669 403 734 Blesamius
416 678 460 726 et
465 635 640 746 Antigonus,
654 669 708 726 tibi
725 667 864 742 nobisque
877 669 1011 727 omnibus
1021 668 1132 758 jamdiu
1146 670 1217 739 noti,

231 747 390 821 eademque
410 747 468 806 fide
487 757 517 806 et
537 748 640 806 virtute
659 747 797 837 preditus
816 745 969 821 Dorylaus,
983 747 1033 836 qui
1043 767 1136 838 nuper
1150 767 1220 805 cum

196 819 520 915 5H1erinlegatusest
540 827 576 883 ad
596 836 625 885 te
644 826 759 896 missus,
772 834 834 882 tuni
848 843 950 901 regum
965 826 1141 897 amicissimi,
1156 837 1221 883 tum

230 904 284 961 tibi
303 904 401 975 etiam,
422 915 454 962 ut
480 924 572 982 spero,
591 905 711 981 probati.
750 870 878 979 Exquire
898 904 936 961 de
962 904 1115 975 Blesamio,
1136 922 1221 962 num-

230 984 299 1057 quid
320 983 358 1039 ad
377 1002 475 1059 regem
496 994 597 1042 ιιιιιιιι
615 982 786 1072 dignitatem
812 992 893 1039 tuam
916 982 1070 1058 scripserit.
1108 949 1222 1041 llieras

231 1062 347 1136 quidem
367 1080 486 1119 caiisam
504 1080 620 1121 omnem
640 1061 768 1137 suscipit,
782 1070 812 1119 et
831 1060 1002 1119 criminibus
1016 1061 1073 1118 illis
1085 1081 1136 1137 pro
1149 1080 1220 1137 rege

231 1160 263 1199 se
290 1140 422 1235 supponit
448 1159 547 1198 reum:
577 1139 745 1198 memoriam
774 1148 855 1196 tuam
882 1136 1023 1215 implorat,
1050 1141 1108 1216 qud
1141 1141 1223 1196 vales

180 1216 215 1269 10
231 1216 403 1307 plurimumt
424 1229 512 1296 negat
518 1237 651 1309 unquam
669 1237 701 1275 se
721 1226 787 1275 ate
807 1218 838 1275 in
858 1217 989 1277 Deiotari
1002 1219 1159 1276 tetrarchia
1171 1238 1223 1294 po-

232 1299 299 1355 dem
312 1297 524 1355 discessisse2'
517 1317 547 1354 in
560 1297 661 1373 primis
673 1295 780 1354 linibus
792 1296 845 1353 tibi
867 1315 898 1353 se
919 1307 1021 1373 praesto
1034 1298 1122 1365 fuisse
1136 1297 1220 1368 dicit,

232 1394 322 1450 usque
343 1375 380 1432 nd
400 1375 515 1433 ultimos
532 1384 733 1466 prosecutum:
754 1358 853 1433 crime
867 1375 971 1433 balneo
989 1375 1106 1447 exisses,
1120 1386 1222 1433 tecum

231 1473 263 1511 ss
277 1453 375 1525 fuisse,
389 1472 457 1511 cuin
471 1454 521 1512 illa
533 1472 654 1512 munera
667 1453 838 1529 inspexisses
858 1463 998 1524 cenatus,
1012 1451 1080 1511 oiim
1094 1456 1125 1512 in
1139 1454 1224 1512 cubi·

232 1531 299 1590 culo
317 1497 516 1602 recirbuisses3
537 1533 716 1607 eandemque
737 1532 933 1589 assiduitatem
951 1499 1004 1590 tibi
1018 1551 1050 1590 se
1062 1533 1223 1609 prebuisse

180 1606 215 1663 15
231 1609 375 1700 postridie.
415 1576 624 1682 Quamobrem,
645 1610 670 1667 si
690 1609 759 1700 quid
786 1629 895 1681 eorum,
915 1629 979 1685 quae
1005 1611 1120 1687 objecta
1141 1620 1223 1683 sunt,

232 1689 390 1765 cogitatum
412 1689 458 1759 sit,
480 1709 538 1746 noir
559 1699 684 1760 recusat,
707 1689 778 1777 quin
801 1688 832 1745 id
858 1655 971 1746 sabinus
992 1708 1076 1746 suum
1095 1689 1221 1765 judices.

230 1767 392 1838 Quocirca,
405 1733 462 1824 Gai
481 1767 591 1839 Cesar,
604 1768 691 1825 velim
711 1766 866 1837 existimes,
881 1767 1019 1826 bodiemo
1037 1768 1086 1826 die
1106 1778 1225 1826 senten-

232 1846 303 1905 tiam
322 1855 412 1916 tuam,
433 1855 484 1904 aut
503 1865 571 1904 cunr
599 1865 711 1904 summo
738 1845 880 1903 dedecore
900 1846 1090 1904 miserrimam
1108 1857 1223 1922 pestem

233 1923 448 2000 importaturam
460 1943 524 1982 esse
534 1924 661 2001 regibus,
673 1933 723 1982 aut
732 1923 907 1981 incolumem
917 1923 1023 1981 samam
1033 1943 1101 1983 cum
1109 1925 1223 1995 salute;

179 2004 216 2059 ιθ
232 2021 354 2077 quorum
366 2002 488 2060 alterum
500 2013 609 2079 optare,
620 2003 734 2062 illorum
744 2002 924 2061 crudelitatis
936 2012 999 2075 est;
1020 2003 1142 2062 alterum
1152 2023 1226 2062 coii-

232 2098 356 2150 serrare,
370 2081 532 2140 clementiis
544 2091 611 2140 tuae.

613 2445 842 2528 ORATIO

696 2624 755 2664 PRO

321 2743 371 2816 A.
413 2742 627 2819 LICINIO
672 2741 886 2847 ARCHIA
929 2741 1128 2817 POETA.

591 2949 849 2966 ῃ

274 3093 297 3152 l.
329 3095 363 3153 Si
384 3095 453 3171 quid
473 3106 517 3155 ιιι
536 3096 567 3155 in
587 3115 633 3155 me
653 3095 773 3173 ingenii,
790 3096 913 3186 ιἰιιιιιιι,
927 3099 1003 3172 quod
1022 3097 1116 3158 sentio
1134 3094 1223 3173 quiin

234 3173 271 3231 sit
285 3175 437 3251 exiguum3
459 3186 509 3234 aut
528 3177 553 3234 si
574 3194 630 3251 qua
650 3175 818 3235 exercitatio
837 3176 988 3247 dicendi,
980 3199 1010 3237 ιιι
1028 3179 1085 3254 qui
1103 3195 1150 3233 me
1163 3195 1223 3234 nori

234 3252 348 3312 inficior
367 3254 550 3315 mediocriter
569 3275 633 3315 esse
653 3265 815 3325 versatum
837 3264 887 3312 aut
906 3255 931 3312 si
951 3221 1072 3332 liujusce
1089 3256 1132 3314 rei
1148 3255 1223 3313 ratio

181 3343 218 3398 25
236 3333 340 3408 aliqua,
363 3336 400 3392 ab
420 3336 592 3410 optimarum
616 3335 721 3393 artium
740 3298 842 3391 studiis
856 3352 892 3391 ac
910 3334 1063 3411 disciplini
1082 3335 1223 3424 profecta,

236 3413 323 3487 aqud
336 3431 391 3491 ego
404 3414 515 3472 nullum
529 3413 665 3473 confiteor
686 3414 777 3472 etatis
797 3431 869 3470 meae
888 3421 1001 3490 ternpus
1022 3413 1222 3481 abhorruisse,

235 3508 335 3548 earum
349 3512 444 3551 rerum
465 3495 593 3552 omnium
606 3493 681 3551 vel
673 3513 704 3551 ιιι
721 3491 821 3569 primis
834 3492 883 3550 hic
897 3492 935 3549 A.
949 3492 1083 3551 Licinius
1096 3454 1222 3550 fructurd

235 3586 253 3625 a
276 3587 323 3626 me
344 3581 472 3647 repetere
492 3591 579 3648 prope
603 3591 656 3630 suo
676 3573 740 3663 jure
763 3571 857 3628 debet
898 3570 976 3629 Nam
980 3570 1095 3663 ,quoad
1118 3569 1223 3645 longis·

235 3645 308 3707 sime
321 3659 413 3724 potest
432 3670 514 3709 mens
534 3669 599 3709 mea
618 3652 761 3727 respicere
780 3651 904 3727 spatium
923 3650 1059 3727 preteriti
1077 3648 1221 3725 temporis,

182 3736 219 3792 ιο
235 3735 265 3783 ιι
283 3727 412 3801 pueritiis
432 3730 599 3789 memoriam
618 3729 764 3787 recordari
783 3729 924 3800 ultimam,
946 3729 1014 3788 inde
1034 3747 1124 3804 usque
1143 3746 1220 3802 repe·

235 3814 309 3876 ιιιιι,
323 3806 402 3865 hunc
421 3808 504 3867 video
523 3807 594 3869 mihi
614 3808 783 3884 principem,
797 3819 826 3866 et
846 3809 883 3866 ad
903 3774 1118 3899 siiscipiendam
1136 3816 1165 3863 ιι
1185 3805 1222 3862 ed
1255 3847 1258 3852 -

236 3883 454 3962 ingrediendam
473 3887 613 3946 rationein
634 3888 735 3946 horum
756 3888 925 3960 studiorum,
939 3887 1091 3970 exstitisse
1130 3883 1222 3948 Qudd
