2658 4468
168 391 227 453 11⁰
416 387 555 438 ORATIO
576 387 647 438 PRO
669 387 701 439 Τ.
724 386 839 438 ANNIO
861 386 1012 438 MILONE.

216 552 306 592 causa
332 535 410 610 justa
435 531 606 591 restituendi
625 530 694 604 mei,
715 530 771 590 nisi
792 530 893 590 fuisset
919 530 1024 608 injusta
1050 531 1212 608 ejiciendi!

216 613 302 672 Diem
334 612 405 670 mihi
430 612 545 689 (credo)
571 611 700 669 dixerat:
732 611 850 667 multam
876 609 1033 688 irrogarat:
1065 611 1213 670 actionem

215 691 420 769 perduellionis
431 690 611 748 intenderat:
633 699 662 748 et
675 688 747 746 mihi
761 688 905 759 videlicet,
921 689 951 747 in
964 690 1054 747 causi
1069 701 1119 748 aut
1132 692 1212 749 malai

218 782 267 828 aut
280 772 356 840 med,
371 790 428 828 non
442 780 471 826 et
483 768 704 844 praeclarissimi
717 777 747 826 et
766 767 871 839 vestri,
882 767 1023 844 judicium
1047 769 1213 827 timendum

184 850 279 907 asnia
321 850 475 907 Servorum
488 857 519 906 ct
531 847 680 924 egentium
700 847 807 905 civium
830 856 860 904 et
883 847 1107 906 facinorosorum
1121 849 1213 907 armis

206 947 296 1001 ‚meos
310 927 398 1000 cives,
412 927 485 985 meis
498 926 626 985 consiliis
638 926 833 1004 periculisque
846 936 983 998 servatos,
996 946 1047 1002 pro
1059 945 1107 985 me
1120 928 1213 1005 objici

217 1008 305 1066 nolui.

258 1087 325 1144 Vidi
349 1086 437 1156 enim,
461 1084 530 1155 vidi,
553 1086 633 1143 hunc
656 1084 751 1160 ipsum
776 1084 817 1146 Q.
841 1083 1039 1156 Hortensium,
1060 1083 1160 1143 lumen
1180 1094 1213 1143 et

217 1177 418 1224 ornamentum
432 1163 608 1239 reipublicae,
629 1160 704 1239 pene
719 1162 843 1221 interfici
867 1183 1012 1222 servornm
1025 1182 1124 1235 manu,
1140 1162 1212 1222 cium

170 1246 204 1300 10
218 1244 289 1301 mihi
311 1244 441 1302 adesset:
462 1243 519 1318 qud
543 1243 573 1300 in
595 1242 682 1300 turbis
695 1243 730 1299 C.
745 1242 899 1313 Vibienus,
924 1253 1047 1313 senator,
1069 1242 1112 1300 vir
1136 1244 1212 1319 opti-

218 1341 292 1393 mus,
319 1341 388 1379 cum
414 1323 470 1379 hoc
497 1320 565 1379 cdm
588 1330 664 1378 esset
687 1322 755 1392 uni,
771 1321 811 1379 ita
834 1330 879 1380 est
901 1321 1047 1388 multatus,
1068 1331 1100 1378 ut
1120 1321 1211 1379 vitam

219 1400 354 1458 amiserit.
409 1399 522 1476 Itaque,
547 1400 663 1474 quando
689 1399 767 1457 illius
791 1411 892 1475 postea
922 1399 984 1458 sica
1004 1400 1062 1470 illa,
1083 1419 1171 1474 quam
1192 1420 1212 1458 a

218 1479 347 1537 Catilinai
368 1488 530 1554 acceperat,
551 1478 737 1553 conquievitl
779 1479 854 1537 Haec
875 1479 1016 1537 intentata
1042 1479 1124 1536 nobis
1145 1490 1209 1536 est:

218 1558 287 1616 huic
307 1578 361 1634 ego
374 1577 424 1616 vos
449 1557 536 1633 objici
556 1576 608 1633 pro
627 1577 675 1615 me
695 1577 752 1616 non
773 1577 836 1615 sum
855 1576 976 1634 passus:
997 1559 1059 1615 haec
1074 1557 1212 1615 insidiata

169 1635 204 1689 15
218 1636 354 1712 Pompeio
367 1647 429 1694 est:
450 1638 514 1694 haec
527 1636 611 1693 istam
626 1636 763 1712 Appiam,
777 1646 996 1695 monumentum
1015 1636 1060 1693 sui
1073 1637 1211 1708 nominis,

218 1736 291 1774 nece
305 1715 414 1791 Papirii
428 1715 607 1773 cruentavit:
628 1716 702 1786 haec,
727 1716 790 1773 hacc
813 1716 926 1786 eadem,
941 1715 1026 1792 longo
1049 1714 1210 1787 intervallo,

219 1814 357 1852 conversa
379 1813 477 1852 rursus
501 1806 544 1851 est
567 1793 597 1852 in
620 1813 687 1853 me:
708 1814 799 1872 nuper
813 1795 940 1870 quidem,
955 1803 987 1851 ut
1006 1793 1096 1866 scitis,
1110 1813 1157 1852 me
1172 1796 1212 1853 ad

218 1873 328 1949 regiam
341 1871 416 1949 pend
432 1873 565 1931 confecit.

257 1952 341 2013 Quid
355 1952 448 2010 simile
472 1951 613 2010 Milonisl
644 1951 727 2028 cujus
751 1951 793 2009 vis
815 1951 909 2010 omnis
933 1952 996 2009 haec
1009 1970 1122 2026 semper
1143 1952 1211 2023 luit,

168 2036 205 2091 20
218 2050 256 2089 ne
269 2031 301 2088 P.
317 2031 446 2103 Clodius,
471 2028 539 2089 cirin
563 2031 593 2089 in
613 2031 756 2108 judicium
780 2031 892 2089 detrahi
915 2050 973 2088 non
990 2034 1098 2106 posset,
1112 2030 1140 2087 vi
1159 2051 1212 2106 op·

217 2129 346 2185 pressam
369 2110 515 2168 civitatem
542 2119 662 2168 teneret.
712 2109 812 2171 Quem
832 2110 856 2167 si
877 2109 1040 2167 interficere
1062 2110 1210 2181 voluisset,

218 2200 342 2264 quante,
366 2190 477 2264 quoties
500 2189 677 2259 occasiones,
692 2187 780 2264 qudm
802 2189 958 2264 praeclarae,
973 2189 1106 2247 fuerunt!
1152 2189 1212 2246 Po·

219 2268 322 2340 tuitne,
336 2266 405 2326 ciam
419 2270 534 2327 domum
560 2286 595 2326 ac
608 2266 686 2326 Deos
708 2277 829 2344 penates
852 2286 927 2338 suos,
942 2266 991 2325 illo
1012 2277 1210 2344 oppugnante,

219 2347 397 2418 defenderet,
409 2347 473 2425 jure
495 2367 526 2405 se
547 2347 672 2405 ulciscil
701 2346 842 2422 potuitne,
866 2346 929 2404 cive
952 2346 1078 2423 egregio,
1099 2356 1129 2404 et
1148 2346 1212 2405 viro

168 2428 204 2483 25
220 2426 382 2498 fortissimo,
406 2427 438 2485 P.
464 2426 573 2497 Sextio,
597 2426 709 2503 collega
730 2445 792 2497 suo,
815 2426 986 2484 vulneratol
1005 2426 1145 2500 potuitne,
1165 2425 1210 2487 Q.

219 2505 365 2577 Fabricio,
393 2506 453 2565 viro
477 2505 594 2581 optimo,
615 2502 684 2562 cdm
704 2505 741 2562 de
761 2505 874 2562 redditu
901 2523 967 2562 meo
992 2505 1086 2581 legem
1108 2504 1210 2576 ferret,

218 2585 310 2659 pulso,
326 2584 524 2642 crudelissimis
539 2584 569 2641 in
583 2584 644 2642 soro
657 2584 737 2641 daede
761 2583 860 2641 sactil
880 2582 1020 2658 potuitne,
1036 2583 1068 2640 L.
1084 2583 1210 2656 Caecilii,

226 2663 376 2738 justissimi
391 2662 593 2738 fortissimique
612 2661 751 2738 praetoris,
764 2662 930 2758 oppugnati
953 2663 1058 2721 domol
1078 2662 1211 2737 potuitne

220 2741 268 2798 illo
294 2741 351 2812 die,
373 2739 441 2798 ciam
465 2751 508 2798 est
528 2741 587 2798 lata
606 2741 653 2798 lex
673 2741 709 2798 de
733 2743 802 2798 mel
823 2760 891 2799 curn
914 2740 1002 2799 totius
1028 2739 1121 2798 Italiae
1142 2762 1211 2800 con·

168 2824 204 2879 30
220 2838 330 2888 cursus,
345 2837 431 2893 quem
445 2837 510 2876 mea
524 2819 600 2877 salus
614 2819 783 2890 concitarat,
798 2820 868 2878 sacti
881 2819 959 2876 illius
972 2819 1092 2896 gloriam
1115 2820 1211 2878 libens

221 2896 399 2973 agnovisset:
421 2908 462 2968 ut,
477 2896 563 2954 etiam
578 2897 603 2955 si
616 2897 646 2955 id
660 2897 733 2956 Milo
753 2898 878 2970 fecisset,
892 2907 1000 2956 cuncta
1022 2897 1124 2956 civitas
1143 2919 1210 2957 eam

218 2974 334 3034 laudern
347 2995 398 3052 pro
411 2978 464 3032 sud
478 2975 644 3034 vindicaret.

258 3053 326 3111 XV.
371 3054 463 3129 Atqui
473 3064 548 3111 xerat
571 3055 601 3112 id
624 3055 759 3132 temporis
785 3055 962 3114 clarissimus
985 3064 1015 3114 et
1038 3054 1210 3114 fortissimus

219 3132 329 3203 consul,
344 3132 479 3191 inimicus
493 3133 604 3206 Clodio,
618 3133 651 3191 P.
666 3133 817 3205 Lentulus,
831 3135 904 3192 ultor
915 3134 1032 3192 sceleris
1046 3134 1131 3204 illius,
1144 3153 1210 3208 pro-

168 3214 203 3268 35
219 3221 360 3288 pugnator
380 3211 507 3283 senatds,
522 3213 654 3270 defensor
677 3222 778 3270 vestrae
802 3213 966 3283 voluntatis,
980 3223 1118 3288 patronus
1132 3212 1210 3269 illins

218 3290 327 3366 publici
348 3291 514 3360 consensius,
528 3291 673 3348 restitutor
697 3291 797 3349 salutis
820 3310 909 3360 mee,
931 3301 1041 3365 septem
1063 3301 1209 3366 pretores,

218 3380 284 3428 octo
310 3369 418 3428 tribuni
441 3369 543 3445 plebis,
568 3370 645 3427 illius
669 3369 834 3439 adversarii,
859 3369 1024 3427 defensores
1044 3369 1119 3439 mei;
1151 3369 1208 3426 Cn.

219 3447 373 3525 Pompeius
387 3459 486 3507 auctor
500 3458 529 3505 et
542 3450 600 3506 dux
613 3446 671 3504 mei
691 3447 810 3519 reditus,
825 3448 902 3505 illins
915 3448 1021 3518 hostis3
1043 3448 1126 3523 cujus
1145 3467 1210 3504 sen·

219 3529 339 3585 tentiam
363 3540 480 3585 senatus
502 3526 596 3585 omnis
618 3525 655 3583 de
675 3526 767 3585 salute
787 3527 853 3585 med
874 3526 1070 3602 gravissimam
1085 3536 1114 3584 et
1126 3545 1211 3583 orna·

167 3604 359 3663 «latissimam
380 3616 497 3664 secutus
517 3615 578 3663 est:
610 3604 659 3679 qni
685 3605 823 3680 populum
849 3604 1018 3663 Romanum
1045 3605 1211 3662 cohortatus

219 3695 272 3753 est,
293 3685 353 3759 qni,
374 3682 443 3742 crim
472 3685 509 3741 de
538 3703 586 3742 me
613 3683 762 3741 decretum
782 3684 892 3758 Capuae
913 3684 992 3754 fecit,
1013 3683 1075 3758 ipse
1094 3695 1210 3740 cunctae

219 3759 311 3819 ltaliae
341 3762 480 3837 cupienti,
508 3771 537 3819 et
567 3762 629 3837 ejus
658 3761 745 3818 fidem
776 3761 949 3837 imploranti,
980 3761 1095 3837 signum
1118 3761 1210 3832 dedit,

219 3851 260 3911 nt,
289 3842 325 3898 ad
358 3859 405 3898 me
437 3836 657 3910 restituendum,
692 3840 818 3897 Romam
845 3850 1058 3898 concurrerent.
1099 3837 1211 3897 Omnia

194 3926 280 3991 ,tum
295 3917 419 3991 denique
434 3918 463 3974 in
484 3918 566 3990 illum
588 3919 655 3975 odia
678 3917 784 3974 civium
809 3917 950 3975 ardebant
970 3917 1112 3976 desiderio
1131 3917 1210 3976 mei:
