2702 4464
285 334 291 343 *
375 350 512 401 ORATIO
533 351 604 401 PRO
625 351 723 401 LEGE
745 351 911 402 MANILIA.
1153 350 1195 410 50

154 494 309 573 sagonna,
332 496 409 554 idem
431 514 499 554 cum
521 495 657 567 Cimbris,
680 495 758 553 idern
779 515 848 553 curn
869 495 1022 568 Teutonis,
1037 495 1145 554 bellum

155 576 374 633 administraret.
416 574 453 632 In
474 575 535 651 ipso
556 576 611 631 Gn.
626 575 771 650 Pompeio,
791 574 821 631 in
842 593 899 650 quo
920 575 986 632 novi
1008 575 1144 633 constitui

154 654 226 711 nihil
249 654 308 710 vult
333 653 373 715 Q.
397 654 528 724 Catulus,
551 652 638 728 quam
665 654 756 710 multa
778 652 836 710 sint
862 672 945 725 nova,
967 654 1142 716 summati.

154 733 253 790 Catuli
267 732 411 790 voluntate
426 733 591 803 constituta,
605 732 806 790 recordamini.

192 812 280 869 XXI.
314 811 398 873 Quid
425 812 503 868 enim
529 822 589 867 tam
622 829 737 880 norum,
764 809 851 886 quam
886 810 1142 883 adolescentulum,
1173 807 1192 860 5

152 890 304 967 privatum,
325 891 484 948 exercitum
505 889 617 947 difficili
644 890 809 965 reipublicae
832 900 958 985 tempore
979 889 1142 948 conficeret

153 969 296 1027 confecit:
324 969 394 1026 huic
416 970 559 1046 praesset
593 968 722 1045 prefuit:
753 988 815 1027 rem
840 967 947 1044 optime
974 969 1064 1026 ductu
1091 989 1144 1028 suo

152 1050 274 1125 gererel
308 1048 405 1126 gessit
455 1048 539 1110 Quid
566 1057 625 1105 tam
651 1057 754 1124 prater
781 1047 1029 1119 consuetudinem,
1055 1047 1143 1123 quam

153 1127 263 1184 homini
283 1127 521 1218 peradolescenti,
540 1127 623 1202 cujus
647 1145 664 1183 a
687 1127 830 1184 senatorio
850 1127 942 1203 gradu
964 1136 1034 1184 aetas
1056 1124 1141 1218 longe

154 1206 299 1277 abesset,
292 1206 444 1282 imperium
465 1216 549 1281 atque
570 1205 729 1262 exercitum
744 1206 826 1263 daril
861 1205 993 1262 Siciliam
1005 1207 1142 1296 permitti,
1157 1206 1192 1262 10

154 1295 239 1359 atque
254 1284 398 1356 Africam,
411 1284 605 1359 bellumque
598 1304 628 1341 ιιι
650 1302 685 1340 ea
708 1284 987 1341 administranduml
1021 1284 1119 1341 Fuit
1112 1305 1142 1343 ιιι

152 1363 198 1420 his
211 1364 365 1440 provinciis
384 1363 523 1440 singulari
538 1362 714 1432 innocentia,
728 1363 878 1438 gravitate,
892 1362 1014 1419 virtute:
1035 1363 1142 1421 bellum

153 1442 183 1499 in
198 1442 300 1500 Africa
315 1443 472 1500 maximum
487 1442 628 1512 confecit3
650 1442 786 1499 victorem
801 1441 959 1499 exercitum
976 1441 1140 1517 deportavit

151 1520 235 1582 Quid
249 1520 317 1579 vero
339 1532 399 1578 tam
421 1522 592 1592 inauditum,
607 1518 694 1596 quam
716 1520 842 1594 equitem
863 1519 1030 1578 Romanum
1043 1521 1143 1578 trium·

151 1601 260 1676 pharel
290 1611 320 1658 at
346 1620 411 1657 earn
433 1619 544 1675 quoque
568 1619 629 1656 rem
651 1599 772 1675 populus
798 1598 949 1657 Romanus
972 1618 1029 1656 non
1056 1598 1141 1658 modb
1159 1607 1191 1659 15

152 1679 233 1750 vidit,
255 1681 306 1736 sed
328 1680 419 1736 etiam
443 1679 522 1737 omui
546 1680 640 1735 studio
662 1678 810 1735 visendam
832 1687 861 1735 et
882 1677 1142 1735 concelebrandam

151 1759 269 1834 putavit.
310 1758 394 1819 Quid
416 1768 476 1814 tarn
498 1759 677 1828 inusitatum,
692 1755 778 1831 qudrn
800 1767 841 1827 ut,
857 1755 925 1814 crim
939 1757 997 1814 duo
1010 1757 1143 1814 consules

152 1916 310 1973 maximum
343 1915 692 1990 formidolosissimumque
725 1935 777 1990 pro
810 1914 927 1973 consule
960 1915 1142 1972 mittereturl

153 1993 258 2051 missus
279 2004 330 2051 est.
370 1995 441 2056 Quo
462 1995 579 2069 quidem
600 2004 736 2070 tempore,
761 1990 829 2050 crim
851 2003 926 2050 esset
947 2012 1091 2051 nonnemo
1112 1993 1142 2051 in
1155 1995 1192 2049 20

153 2082 266 2144 senatu,
280 2074 329 2148 qui
342 2074 461 2144 diceret,
477 2081 495 2106 “
506 2073 574 2130 Non
587 2083 716 2149 oportere
737 2073 812 2129 mitti
833 2073 978 2130 hominem
1001 2072 1142 2148 privatum

153 2170 204 2227 pro
225 2153 377 2221 consule;'’
399 2152 433 2209 L.
456 2153 605 2228 Philippus
626 2152 732 2209 dixisse
753 2152 870 2224 dicitur,
889 2151 986 2209 “Non
1008 2170 1039 2208 se
1061 2151 1142 2208 illum

154 2229 207 2286 suit
234 2231 377 2288 sententia
403 2251 454 2307 pro
480 2231 608 2301 consule,
636 2231 686 2287 sed
718 2250 770 2307 pro
796 2230 972 2301 consulibus,
1000 2230 1140 2287 mittere.”

154 2307 254 2366 Tanta
274 2310 305 2366 in
326 2329 361 2367 eo
382 2310 547 2385 reipublicae
569 2308 643 2367 bend
668 2311 801 2386 gerendae
820 2328 884 2385 spes
905 2309 1141 2398 constituebatur,

153 2396 186 2443 ut
200 2388 322 2444 duorum
336 2388 486 2445 consulum
507 2408 612 2445 munus
635 2389 722 2446 unius
744 2388 934 2445 adolescentis
948 2387 1045 2444 virtuti
1067 2406 1143 2444 com·
1155 2391 1192 2444 25

154 2465 324 2524 mitteretur
365 2467 449 2528 Quid
471 2477 529 2524 tam
550 2467 705 2544 singulare,
719 2465 806 2542 quarn
828 2476 869 2536 ut,
892 2485 928 2523 ex
948 2465 1144 2522 senatus-con-

154 2545 229 2602 sulto
232 2545 366 2621 ,legibus
383 2545 500 2616 solutus,
515 2547 613 2603 consul
637 2545 703 2604 ante
728 2546 819 2616 fieret,
833 2542 920 2620 quam
942 2544 1032 2601 ullum
1055 2543 1143 2601 alium

153 2625 247 2700 magis
248 2635 352 2681 tratum
367 2645 417 2701 per
431 2591 510 2701 legeb
524 2644 626 2701 capere
640 2625 791 2683 licuissetl
811 2624 879 2699 quid
891 2633 951 2679 tarn
961 2623 1142 2713 incredibile,

153 2701 239 2777 quarn
254 2703 409 2761 utiterum
426 2723 514 2779 eques
535 2704 687 2761 Romanus
708 2723 743 2761 ex
765 2702 1024 2760 senatus-consulto
1044 2702 1144 2759 trium·

152 2782 273 2857 pharetl
305 2782 383 2844 Quae
405 2784 436 2839 in
459 2783 593 2839 omnibus
616 2782 780 2840 hominibus
806 2801 880 2839 nova
905 2792 967 2858 post
994 2782 1142 2840 hominum
1156 2787 1192 2841 30

123 2871 133 2887 ·
152 2860 319 2917 memoriam
342 2862 500 2919 constituta
523 2871 599 2931 sunt,
622 2880 657 2919 ea
680 2872 739 2918 tarn
762 2861 852 2918 multa
876 2880 933 2918 non
954 2871 1031 2932 sunt,
1055 2860 1142 2935 qulam

152 2937 303 3013 haeque
325 2940 355 2997 in
377 2942 433 2998 hoc
455 2960 513 2997 uno
535 2940 650 2997 homine
669 2940 800 2998 vidimus.
842 2941 939 3013 Atque
960 2941 1023 2997 lroec
1041 2950 1082 2997 tot
1096 2959 1143 2997 ex-

153 3017 256 3091 empla,
270 3027 360 3090 tanta,
376 3018 411 3076 ac
425 3029 485 3076 tam
499 3038 582 3089 nova,
593 3019 720 3094 profecta
734 3029 800 3075 sunt
814 3019 844 3076 in
858 3020 982 3075 eundem
996 3019 1142 3076 hominem

154 3095 223 3156 aQ
239 3097 336 3153 Catuli
340 3108 448 3172 ,atque
470 3117 487 3154 a
508 3108 676 3155 caeterorum
696 3098 824 3174 eJusdcm
841 3097 990 3174 dignitatis
1005 3097 1142 3173 amplissi-

152 3191 263 3231 morum
278 3143 436 3246 hominum,
452 3177 630 3234 auctoritate
1155 3178 1192 3232 35

192 3252 296 3311 XXII.
323 3254 427 3315 Quare
441 3256 567 3331 videqnt,
576 3276 614 3312 ne
623 3255 659 3312 sit
671 3255 853 3331 periniquum
867 3264 896 3312 et
909 3274 966 3312 non
981 3253 1141 3325 ferendum,

153 3330 265 3388 illorum
293 3333 493 3391 auctoritatem
516 3335 553 3392 de
575 3336 630 3392 Cn.
653 3335 781 3410 Pompeii
803 3334 944 3409 dignitate
965 3333 1045 3390 vobis
1067 3351 1143 3390 eom·

152 3410 300 3485 probatam
322 3431 433 3488 semper
455 3432 535 3484 csse3
562 3423 688 3470 vestrum
710 3414 746 3469 ab
768 3413 825 3469 illis
846 3413 882 3469 de
904 3410 1005 3468 eodem
1026 3411 1142 3468 homine

149 3487 302 3564 judicium,
322 3491 474 3579 populique
495 3492 623 3549 Romani
644 3491 853 3560 auctoritatem,
875 3489 1046 3580 improbari:
1073 3508 1142 3563 prae-

152 3567 252 3624 sertim
273 3587 340 3625 curn
358 3568 419 3660 J'am
441 3590 493 3628 suo
511 3570 576 3645 jure
596 3569 717 3646 populus
737 3535 915 3627 Romarius
908 3587 938 3624 ιιι
957 3568 1012 3625 hoc
1026 3569 1141 3626 homine
1156 3573 1192 3628 40

152 3665 235 3702 suam
256 3649 465 3719 auctoritatem,
486 3650 530 3706 vel
552 3659 653 3706 contra
669 3666 769 3705 omnes
788 3647 838 3722 qui
858 3646 1031 3704 dissentiunt
1033 3648 1142 3723 ,possit

148 3725 326 3782 defendere·
319 3770 326 3797 ,
354 3738 503 3802 propterea
529 3726 617 3802 qudd,
638 3726 701 3783 istis
727 3726 961 3798 reclamantibus,
981 3745 1030 3784 vos
1050 3746 1141 3784 unum

152 3803 234 3860 illum
254 3823 290 3861 ex
309 3806 442 3862 omnibus
461 3806 617 3882 delegistis,
631 3823 717 3880 quem
731 3805 806 3862 bello
818 3806 984 3880 praedonum
997 3825 1141 3881 praepone·

151 3882 230 3940 retis.
272 3883 339 3941 Hoc
359 3885 384 3941 si
402 3904 451 3942 vos
468 3883 577 3942 temere
592 3884 711 3955 fecistis,
726 3894 755 3941 et
768 3883 946 3960 reipublicae
959 3903 1059 3961 parum
1074 3904 1141 3942 con-
