2702 4464
354 388 492 440 carno
514 387 586 438 rao
606 387 706 440 naen
728 386 923 438 namucno.
1145 391 1188 451 8⁷

182 531 238 590 XI.
274 532 339 591 Sint
358 529 429 590 sanir
451 532 621 603 inimicitie,
636 550 700 607 quae
720 551 783 589 esse
798 551 856 589 non
873 530 1027 588 debebant.
1068 529 1135 588 Rex

140 611 222 668 enirn
242 611 395 670 Deiotarus
415 621 539 669 vestram
560 612 710 682 familiam,
726 610 869 687 abjectam
889 620 919 667 et
937 611 1135 680 obscuram‚e

141 690 270 748 tenebris
297 691 328 748 in
347 691 445 748 lucem
473 690 611 748 evocavit.
651 690 730 751 Quis
752 700 834 746 tuum
853 699 964 765 patrem
985 686 1064 758 ante,
1085 687 1135 762 qui

141 778 228 839 esset,
249 767 336 844 quam
356 768 440 845 cujus
466 788 556 846 gener
579 777 665 840 esset,
687 768 815 826 audivitl
849 768 909 825 Sed
936 768 1066 841 quamvis
1092 768 1135 824 in-

140 845 224 922 grate}
245 858 275 906 et
295 848 382 924 impid
403 847 628 906 necessitudinis
647 865 753 905 nomen
773 845 966 923 repudiaritis,
979 855 1078 903 tamen
1091 844 1134 902 in·
1167 859 1187 913 5

139 924 280 983 imicitias
299 926 449 985 hominum
469 945 548 984 more
568 945 669 1003 gerere
688 926 834 1002 poteratis,
848 944 907 982 non
927 925 995 982 licto
1012 923 1134 982 erimine

142 1002 291 1076 insectari,
304 1025 363 1063 non
382 1014 516 1081 expetere
535 1006 634 1076 vitam,
648 1024 706 1062 non
727 1004 831 1081 capitis
851 1022 1005 1061 arcessere.
1046 1002 1133 1060 Esto:

142 1085 323 1141 concedatur
337 1085 400 1141 haec
412 1102 525 1159 quoque
546 1083 713 1141 acerbitatis
727 1093 756 1141 et
768 1082 829 1141 odii
842 1082 1027 1159 magnitudo:
1049 1080 1136 1138 aded-

141 1180 191 1232 ne‚
206 1172 239 1219 ut
259 1164 347 1219 etiam
366 1163 464 1220 omnia
482 1162 547 1219 vitae
567 1161 726 1236 salutisque
747 1161 918 1232 communis,
940 1171 1027 1235 atque
1047 1160 1135 1217 etiam

142 1240 342 1312 humanitatis,
359 1240 425 1317 jura
445 1240 606 1299 violenturl
635 1241 758 1298 Servum
784 1238 940 1297 sollicitare
959 1238 1064 1310 verbis,
1085 1258 1135 1314 spe
1153 1249 1188 1302 10

140 1319 346 1394 promissisque
369 1338 562 1395 corrumpere,
584 1320 730 1377 abducere
749 1319 843 1389 domo,
865 1329 966 1376 contra
985 1317 1134 1375 dominum

142 1415 271 1468 armare3
294 1400 350 1456 hoc
370 1408 423 1470 est,
444 1418 502 1457 non
523 1399 574 1456 uni
593 1396 761 1475 propinquo,
782 1397 833 1453 sed
851 1396 986 1454 omnibus
1006 1396 1133 1467 familiis,

141 1475 250 1533 bellum
263 1476 407 1535 nefarium
421 1476 559 1535 indicere.
600 1476 680 1534 Nam
696 1475 751 1533 ista
765 1476 926 1552 corruptela
939 1475 1062 1548 servi‚si
1075 1494 1134 1532 non

141 1554 227 1612 modd
248 1556 390 1632 impunita
409 1555 506 1627 fuerit,
527 1557 577 1614 sed
598 1554 687 1613 etiam
708 1574 725 1612 a
744 1554 825 1612 tanta
847 1554 1017 1612 auctoritate
1037 1572 1136 1630 appro-

141 1633 225 1704 bata3
246 1634 319 1692 nulli
332 1635 457 1712 parietes
470 1644 598 1693 nostram
616 1634 749 1705 salutem,
763 1634 849 1692 nullae
863 1633 952 1710 leges,
966 1633 1047 1690 nulla
1057 1633 1133 1709 jura,
1151 1631 1186 1685 15

141 1713 312 1771 custodient.
354 1713 412 1772 Ubi
432 1713 512 1771 enim
532 1713 572 1784 id,
587 1713 664 1788 quod
681 1713 759 1771 intus
772 1722 817 1770 est
830 1723 916 1788 atque
929 1722 1067 1782 nostrum,
1082 1712 1134 1768 im·

141 1790 217 1865 pund
239 1793 351 1850 evolare
370 1801 473 1868 potest,
489 1802 647 1866 contraque
660 1811 713 1850 nos
727 1810 857 1869 pugnare
865 1811 873 1863 ;
894 1791 927 1849 lit
940 1791 971 1850 in
984 1789 1133 1849 dominatu

142 1870 272 1943 servitus,
287 1871 317 1929 in
332 1871 468 1929 servitute
482 1871 655 1929 dominatus.

180 1947 210 2005 Ο
224 1951 367 2026 temporal
389 1969 408 2008 o
421 1951 531 2008 moresl
553 1951 608 2008 Cn.
624 1949 770 2008 Domitius
789 1949 848 2022 ille,
864 1947 964 2029 (quem
984 1968 1036 2007 nos
1051 1946 1133 2026 pueri

143 2027 300 2099 consulem,
328 2047 487 2099 censorem,
511 2029 678 2105 pontificem
704 2030 872 2101 maximum,
893 2028 1030 2106 vidimus)
1053 2026 1131 2100 cirin,
1148 2036 1185 2093 2⁰

143 2105 276 2163 tribunus
288 2107 389 2182 plebis,
404 2106 445 2164 M.
462 2109 616 2179 Scaurum,
629 2108 790 2185 principem
803 2108 938 2179 civitatis,
948 2107 978 2165 in
989 2107 1132 2183 judicium

142 2184 239 2260 populi
258 2185 398 2256 vocasset,
413 2186 575 2261 Scaurique
594 2205 693 2244 servus
714 2188 750 2244 ad
771 2206 839 2245 eum
859 2188 935 2245 clam
955 2187 1072 2244 domum
1086 2206 1133 2244 ve-

142 2262 242 2334 nisset,
264 2273 293 2321 et
313 2263 435 2323 crimina
454 2265 484 2322 in
505 2265 653 2323 dominum
673 2266 835 2324 delaturum
855 2286 886 2324 se
913 2285 977 2324 esse
996 2264 1131 2335 dixisset3

141 2342 283 2417 prehendi
306 2342 451 2400 hominem
471 2343 565 2419 jussit,
594 2344 631 2401 ad
659 2345 860 2419 Scaurumque
887 2342 1003 2402 deduci.
1044 2343 1131 2415 Vide,

142 2420 212 2493 quid
233 2420 361 2478 intersit:
382 2421 436 2478 etsi
456 2421 554 2496 inique
575 2423 725 2481 Castorem
746 2441 814 2481 cum
834 2421 963 2480 Domitio
981 2440 1131 2498 comparo:
1148 2424 1185 2480 25

142 2499 193 2554 sed
207 2508 305 2557 tamen
326 2499 375 2557 ille
395 2500 515 2558 inimico
530 2520 643 2559 servum
657 2501 785 2572 remisit;
805 2511 838 2558 tu
852 2501 890 2558 ab
904 2519 956 2558 avo
969 2499 1131 2558 abduxisti:

142 2575 191 2634 ille
212 2577 408 2653 incorruptum
429 2579 528 2637 audire
543 2581 653 2650 noluit3
674 2590 706 2637 tu
721 2580 888 2656 corrupisti:
910 2578 959 2636 ille
973 2578 1131 2654 adjutorem

74 2665 79 2671 ·
141 2673 255 2790 splrhvum
275 2666 376 2715 contra
396 2657 543 2715 dominum
566 2658 745 2735 repudiavit3
773 2670 805 2716 tu
825 2659 912 2717 etiam
933 2666 1132 2716 accusatorem

142 2751 159 2791 a
200 2734 307 2792 ibuisti.

179 2813 221 2870 At
241 2814 330 2871 semel
350 2814 405 2873 iste
424 2824 469 2873 est
496 2826 648 2893 corruptus
669 2835 686 2874 a
705 2817 806 2876 vobisl
838 2836 944 2889 nonne,
965 2813 1035 2874 ciam
1055 2824 1131 2875 esset
1147 2822 1184 2878 30

138 2892 304 2967 productus,
318 2903 348 2951 et
368 2891 437 2951 oiim
457 2903 557 2952 tecum
577 2896 687 2968 fuisset,
702 2896 808 2974 refugit
828 2897 865 2953 ad
884 2897 1014 2973 legatosl
1034 2914 1131 2955 nonne

138 2970 226 3027 etiam
247 2973 284 3029 ad
304 2973 384 3030 hunc
404 2972 460 3030 Cn.
475 2973 636 3031 Domitium
656 2975 754 3033 venitl
788 2974 904 3046 Nonne,
920 2975 1055 3034 audiente
1075 2975 1132 3033 hoc

138 3049 204 3107 Ser:
217 3050 356 3126 Sulpicio,
371 3051 532 3110 clarissimo
546 3052 615 3124 viro,
629 3054 679 3128 qui
699 3064 762 3112 tum
783 3073 853 3111 casu
874 3054 949 3131 apud
969 3053 1131 3111 Domitium

139 3129 283 3199 coenabat,
304 3138 333 3187 et
353 3130 409 3187 hoc
429 3130 468 3187 T.
490 3130 649 3206 Torquato,
668 3132 776 3208 optimo
799 3132 991 3203 adolescente,
1012 3151 1044 3189 se
1065 3150 1083 3188 a
1101 3142 1131 3189 te

138 3216 313 3341 porruptum
335 3207 394 3266 tuis
413 3208 562 3286 promissis
583 3210 613 3268 in
637 3210 768 3268 fraudem
791 3209 955 3287 impulsum,
977 3229 1041 3268 esse
1064 3229 1131 3267 con·
1147 3221 1183 3276 35

149 3303 230 3342 essus
245 3288 308 3343 estl
1232 3295 1242 3303 “

176 3363 250 3422 XII.
284 3364 362 3426 Quas
383 3375 427 3423 est
446 3365 503 3424 ista
521 3376 582 3424 tam
602 3366 763 3443 impudens,
777 3376 838 3425 tam
854 3366 990 3437 crudelis,
1005 3376 1065 3423 tam
1079 3365 1131 3422 im-

136 3443 285 3500 moderata
305 3443 523 3503 inhumanitasl
557 3445 674 3503 Idcirco
694 3446 723 3504 in
745 3447 822 3504 hanc
835 3446 943 3502 urbem
963 3443 1077 3515 venisti,
1099 3453 1131 3501 ut

137 3519 223 3596 hujus
237 3521 317 3578 urbis
334 3521 401 3598 jura
421 3533 450 3581 et
470 3525 600 3601 exempla
620 3543 828 3600 corrumperes,
843 3523 1059 3598 domesticdque
1079 3522 1132 3580 im-

136 3599 276 3656 manitate
289 3610 393 3658 nostra
407 3601 532 3659 civitatis
545 3603 755 3660 humanitatem
770 3602 958 3677 inquinaresl
1146 3610 1183 3665 40

176 3678 218 3735 At
231 3674 319 3752 qudm
334 3679 418 3737 acute
434 3681 556 3739 collecta
570 3681 710 3739 criminal
746 3680 919 3753 Blesamius,
933 3679 1036 3756 inquit,
1053 3680 1130 3761 (ejus

136 3756 215 3814 enirn
235 3757 361 3829 nomine,
382 3759 481 3834 optimi
506 3759 639 3830 hominis,
661 3779 718 3817 nec
739 3760 792 3817 tibi
814 3761 914 3836 ignoti,
935 3761 1130 3821 maledicebat

136 3835 203 3914 tibi)
226 3837 263 3893 ad
290 3855 389 3911 regem
409 3838 536 3896 scribere
556 3838 676 3909 solebat,
697 3848 726 3896 te
747 3838 778 3896 in
798 3838 907 3897 invidiis
927 3859 1007 3910 esse3
1035 3852 1130 3917 tyran·

135 3932 207 3974 num
228 3910 404 3988 existimari3
425 3917 521 3976 statua
543 3916 618 3976 inter
639 3936 724 3996 reges
742 3918 835 3996 posita
856 3919 966 3980 animos
980 3919 1130 3980 hominum
