2702 4464
379 358 515 409 ORATIO
538 358 559 408 Ι.
582 358 620 408 ΙΝ
640 359 672 408 1..
695 316 908 409 CATILINAM.
1167 360 1188 420 9

159 503 246 562 armis
260 511 339 560 certo
359 503 406 560 die
421 500 484 580 (qui
498 502 560 560 dies
574 503 687 560 futurus
700 512 776 559 esset
790 512 856 559 ante
871 501 948 559 diem
962 501 1016 559 VI.
1032 501 1137 559 Calen-

159 583 211 639 das
224 581 411 661 Novembris)
427 582 461 638 C.
472 581 626 653 Manlium,
641 582 771 638 audacias
784 582 935 638 satellitem
951 594 1035 656 atque
1048 581 1137 638 admi·

157 662 280 718 nistrum
294 661 373 718 tuael
407 660 488 717 Num
503 680 549 717 me
563 661 673 729 fefellit,
688 660 826 731 Catilina,
841 679 899 716 non
915 660 1000 716 modd
1015 679 1061 716 res
1074 669 1137 716 tan·

158 752 198 809 ta,
213 751 271 796 tam
286 750 374 811 atrox,
388 750 447 796 tam
463 740 650 809 incredibilis,
665 737 763 796 verbm
780 738 834 815 (id,
848 739 924 813 quod
939 736 1028 796 multd
1043 738 1136 814 magis

157 829 202 875 est
216 818 430 898 admirandum)
446 818 528 875 diesl
569 818 637 875 Dixi
652 837 707 893 ego
721 819 797 874 idem
812 819 841 874 in
856 828 968 886 senatu,
984 817 1094 874 caedem
1108 827 1136 873 te
1170 810 1189 862 5

157 898 326 972 optimatum
349 897 506 954 contulisse
525 897 555 953 in
571 897 727 953 antediem
743 896 779 952 V.
794 896 940 953 Calendas
954 895 1137 969 Novembris,

158 987 229 1046 tum,
244 974 312 1032 cbm
327 976 410 1032 multi
431 975 578 1050 principes
597 975 723 1032 civitatis
744 975 850 1045 Romal,
865 994 923 1031 non
938 985 996 1031 tarn
1011 974 1055 1031 sui
1070 993 1137 1030 con·

158 1054 301 1124 servandi,
315 1053 402 1128 qnam
424 1065 538 1111 tuorum
561 1053 746 1111 consiliorum
768 1054 1026 1128 reprimendorum,
1048 1054 1138 1109 causd

157 1134 354 1209 profugerunt.
396 1132 477 1189 Num
493 1132 615 1190 inficiari
628 1143 719 1208 potes,
735 1144 762 1188 te
777 1132 825 1188 illo
839 1132 901 1207 ipso
915 1131 972 1201 die,
984 1131 1056 1187 meis
1068 1150 1139 1206 prae·

96 1211 107 1220 ‘
158 1213 248 1281 sidiis,
270 1211 336 1267 med
360 1211 509 1286 diligentia
530 1212 766 1281 circumclusum,
787 1229 968 1267 commovere
988 1221 1017 1266 te
1038 1219 1139 1267 contra
1157 1202 1191 1255 1⁰

107 1338 117 1345 .,
157 1290 365 1366 rempublicam
387 1309 444 1348 non
466 1291 592 1366 potuisse
601 1310 608 1359 ;
641 1289 710 1348 cirrn
736 1300 778 1360 tu,
800 1289 929 1346 discessu
957 1299 1138 1360 eaeterorum,

158 1370 254 1426 nostrai
274 1379 382 1440 tamen,
395 1370 444 1445 qui
466 1369 713 1441 remansissemus,
735 1368 816 1425 caede
837 1377 1005 1425 contentum
1025 1377 1054 1425 te
1074 1386 1139 1425 esse

64 1514 73 1526 ¹
157 1449 296 1505 dicebasl

197 1527 301 1589 Quint
323 1525 390 1585 crim
405 1538 436 1584 tu
450 1537 479 1584 te
500 1526 647 1584 Praeneste
668 1525 808 1583 Calendis
823 1525 891 1602 ipsis
904 1525 1078 1583 Novembris
1091 1543 1140 1581 oo·

159 1618 330 1681 cupaturum
344 1623 486 1665 nocturno
498 1607 605 1681 impetu
618 1625 681 1662 esse
693 1605 870 1674 confideres3
885 1605 1048 1675 sensistine,
1061 1604 1140 1660 illam
1158 1600 1193 1654 15

159 1685 302 1744 coloniam
317 1704 381 1742 meo
391 1686 484 1762 jussu,
498 1685 648 1761 praesidiis,
658 1684 806 1754 custodiis,
820 1683 991 1759 vigiliisque,
1002 1702 1066 1740 esse
1081 1701 1142 1739 mu-

159 1765 270 1822 nitaml
304 1764 385 1821 Nihil
402 1766 473 1841 agis,
488 1763 559 1821 nihii
575 1764 694 1834 moliris,
706 1763 777 1819 nihil
792 1763 912 1838 cogitas,
924 1762 999 1837 quod
1013 1781 1068 1837 ego
1082 1779 1141 1818 non

160 1841 245 1900 rnodb
260 1862 319 1900 non
334 1844 460 1914 audiam,
472 1844 522 1900 sed
536 1844 623 1899 etiam
638 1862 696 1899 non
713 1842 835 1911 videam,
850 1839 993 1916 planeque
1008 1824 1176 1927 sentiamps

130 1930 166 2004 s
200 1921 253 1980 IV.
296 1922 490 1998 Recognosce
511 1922 628 1979 tandem
650 1939 765 1977 mecum
787 1930 903 1976 noctem
923 1920 999 1976 illam
1016 1919 1143 1995 superio·

161 2020 239 2059 rem:
266 2000 326 2077 jam
347 2001 491 2077 intelliges
511 1999 601 2057 multd
624 2019 670 2057 me
691 1999 810 2076 vigilare
835 1997 931 2056 acriirs
953 1999 988 2055 ad
1009 2000 1141 2069 salntem,
1158 2002 1195 2057 20

162 2079 247 2155 qudm
261 2090 290 2136 te
306 2079 341 2136 ad
356 2080 525 2156 perniciem,
540 2079 715 2155 reipublicae.
758 2078 835 2135 Dico
849 2088 877 2134 te
890 2078 977 2153 priori
997 2089 1082 2134 nocte
1097 2095 1144 2134 ve·

163 2159 240 2215 nisse
249 2158 323 2215 inter
333 2159 466 2215 falcarios
478 2158 550 2235 (non
563 2177 646 2234 agam
658 2156 797 2236 obscure)
811 2157 840 2213 in
851 2155 893 2213 M.
906 2156 1000 2213 Laecae
1009 2157 1142 2225 demumr

165 2237 334 2293 convenisse
355 2235 459 2293 eodem
479 2238 642 2312 complures
661 2237 792 2313 ejusdem
815 2236 948 2292 amentiae
969 2235 1143 2310 scelerisque

166 2314 269 2371 socios.
310 2313 390 2370 Num
413 2333 518 2389 negare
540 2316 647 2372 audesl
687 2315 769 2376 Quid
783 2315 885 2372 tacesl
916 2315 1098 2385 convincam,
1119 2313 1144 2370 si

166 2411 275 2467 negas:
296 2391 380 2448 video
400 2393 478 2448 enim
498 2412 562 2449 esse
583 2392 632 2449 hic
652 2393 683 2449 in
698 2405 799 2451 senatu
814 2394 963 2470 quosdam,
978 2394 1026 2468 qui
1047 2403 1144 2451 tecum
1161 2398 1197 2452 25

166 2472 225 2530 urrrl
241 2469 330 2529 fuere.

206 2550 234 2607 O
249 2550 298 2606 Dii
314 2549 505 2606 immortales!
528 2549 646 2607 ubinam
667 2550 795 2628 gentium
818 2553 936 2609 sumusl
959 2551 988 2608 in
1002 2549 1059 2627 qud
1074 2551 1145 2609 urbe

164 2630 307 2687 vivimusl
328 2647 414 2704 quam
434 2629 641 2706 rempublicam
664 2630 825 2688 habemusl
867 2631 937 2701 Hic,
954 2629 1002 2688 bic
1023 2643 1100 2703 sunt,
1115 2631 1145 2687 in

164 2721 262 2767 nostro
276 2727 407 2779 numero,
422 2707 522 2766 Patres
536 2709 712 2786 conscripti,
728 2709 757 2767 in
772 2711 828 2768 hoc
842 2711 920 2768 orbis
930 2722 1013 2767 terrae
1025 2710 1146 2767 sanctis·

164 2789 238 2846 simo
258 2786 483 2864 gravissimoque
504 2789 635 2860 consilio,
649 2790 697 2864 qui
719 2789 755 2846 de
776 2809 841 2847 meo
853 2789 1040 2863 nostrsrmque
1055 2789 1147 2845 omni·
1162 2795 1201 2850 30

166 2887 214 2924 um
229 2867 356 2938 interitu,
371 2867 419 2942 qui
441 2868 477 2924 de
498 2868 584 2944 hujus
605 2869 694 2937 urbis,
711 2879 795 2944 atque
817 2868 889 2925 adeo
904 2869 981 2925 orbis
995 2877 1145 2933 terrarum,

165 2946 253 3003 exitio
275 2946 412 3022 cogitent.
454 2945 554 3004 Hosce
575 2966 630 3022 ego
650 2946 735 3005 video
756 2947 867 3016 consul,
889 2949 976 3005 etde
997 2947 1147 3023 republica

166 3025 339 3082 sententiam
354 3045 439 3101 rogo:
460 3036 499 3097 et,
514 3046 585 3100 quos
600 3027 674 3084 ser'ro
688 3026 827 3083 trucidari
840 3028 999 3102 oportebat,
1013 3045 1063 3085 eos
1077 3046 1146 3083 non-

166 3105 233 3161 dum
255 3124 326 3162 voce
347 3105 474 3162 vulnero.
515 3105 609 3162 Fuisti
637 3105 724 3180 igitur
745 3104 820 3180 apud
843 3104 959 3175 Laecarn
982 3106 1030 3162 iltrt
1052 3116 1146 3174 nocte,

166 3183 313 3240 Catilina:
341 3183 512 3241 distribuisti
532 3195 627 3258 partes
648 3183 756 3241 Italiae:
778 3184 912 3256 statuisti,
927 3183 984 3260 qud
1006 3203 1147 3259 quemque
1165 3186 1201 3240 35

166 3262 310 3337 proficisci
332 3263 480 3338 placeret:
501 3262 643 3339 delegisti,
658 3282 730 3337 quos
751 3262 854 3319 Romae
876 3264 1062 3339 relinqueres,
1077 3282 1148 3337 quos

143 3352 265 3417 ⁸,tecum
279 3341 437 3398 educeres:
459 3342 636 3417 descripsisti
652 3342 731 3398 urbis
744 3352 840 3418 partes
855 3343 889 3399 ad
906 3342 1058 3405 ine'errdia:
1080 3360 1148 3397 con·

166 3419 296 3489 firmasti,
311 3430 339 3476 te
361 3420 455 3494 ipsum
473 3419 533 3496 jam
554 3440 618 3477 esse
633 3421 794 3478 exiturum:
815 3421 912 3477 dixisti
933 3420 1080 3496 paululum
1097 3419 1149 3477 tibi

75 3501 79 3507 '
166 3518 230 3555 esse
244 3499 332 3556 etiarn
346 3509 406 3554 tum
421 3516 517 3568 morae,
532 3496 608 3574 qudd
623 3518 678 3575 ego
691 3499 824 3556 viverem.
867 3498 989 3576 Reperti
1010 3508 1077 3556 sunt
1091 3500 1150 3557 duo

166 3576 278 3652 equites
293 3576 432 3646 Romani,
447 3576 537 3651 quite
552 3578 607 3635 ista
621 3578 692 3636 cura
711 3579 876 3650 liberarent,
891 3589 920 3635 et
934 3598 1007 3649 sese,
1023 3579 1072 3636 ills
1087 3578 1149 3655 ipsit
1167 3581 1202 3636 to

115 3668 119 3671 ’
167 3665 263 3725 nocte,
277 3655 364 3731 paulo
379 3666 445 3712 ante
459 3655 564 3728 lucem,
580 3676 625 3714 me
641 3658 670 3715 in
686 3678 750 3715 meo
761 3657 867 3715 lectulo
880 3658 1081 3716 interfecturos
1091 3660 1151 3735 pol-

167 3735 333 3792 licerentur.
375 3734 450 3792 Haeo
464 3754 519 3812 ego
532 3737 639 3807 omnia,
654 3737 784 3793 vixdum
805 3737 894 3793 etiam
909 3748 986 3793 ccetu
1001 3748 1095 3794 vestro
1109 3737 1151 3793 di-

168 3814 265 3884 misso,
280 3814 425 3891 comperi:
446 3815 564 3872 domum
586 3834 680 3872 meam
702 3815 858 3891 majoribus
878 3816 1019 3892 praesidiis
1040 3815 1152 3873 munivi

168 3902 254 3968 atque
267 3893 397 3952 firmavi:
419 3894 531 3952 exclusi
545 3913 605 3965 eos,
619 3913 690 3969 quos
710 3903 741 3951 tu
762 3894 849 3952 mand
872 3896 908 3952 ed
930 3914 976 3952 me
994 3896 1152 3952 salutatum
