2658 4468
155 364 212 424 112
401 359 539 410 ORATIO
562 359 632 408 PRO
653 358 685 408 Τ.
707 357 822 407 ANNIO
844 358 995 408 MILONE.

201 506 274 564 nihil
301 504 469 576 delectaret,
496 503 574 580 quod
600 510 651 560 aut
668 521 720 579 per
740 511 876 561 naturam
896 503 940 560 sas
960 510 1046 574 esset,
1075 511 1124 560 aut
1144 521 1202 578 per

201 585 282 662 leges
295 584 405 641 liceret.

218 663 301 733 ⁸Sed
328 662 398 737 quid
424 681 479 738 ego
506 661 712 738 argumentor?
747 659 816 735 quid
841 661 926 736 plura
952 659 1088 735 disputat
1137 660 1201 728 Te,

200 743 242 805 Q.
264 741 370 812 Petilli,
396 741 517 818 appello,
541 740 682 816 optimum
705 749 735 797 et
755 739 942 797 fortissimum
963 738 1074 808 civem3
1096 749 1136 810 te,
1153 739 1200 798 M.

169 823 286 893 5Cato,
306 830 411 888 testor;
433 839 505 894 quos
525 819 595 876 mihi
616 819 714 876 divina
734 820 867 893 quedam
887 838 948 877 sors
975 818 1054 876 dedit
1070 819 1199 894 judices.

201 901 262 958 Vos
275 920 312 958 ex
335 899 376 956 M.
392 898 521 956 Favonio
545 896 675 967 audistis,
690 897 825 956 Clodium
849 898 905 955 sibi
925 897 1041 968 dixisse,
1056 908 1085 955 et
1100 897 1201 956 audis·

201 980 249 1051 tis,
263 979 327 1037 vivo
340 978 453 1049 Clodio,
473 978 633 1054 periturum
657 977 797 1034 Milonem
812 976 916 1035 triduo.
958 976 1026 1035 Post
1046 977 1122 1034 diem
1137 988 1201 1035 ter-

201 1059 274 1117 tium
288 1068 369 1136 gesta
383 1075 429 1115 res
452 1068 505 1127 est,
530 1054 617 1131 qulam
640 1057 759 1114 dixerat.
801 1055 879 1114 Cum
900 1056 949 1114 ille
969 1076 1026 1114 non
1049 1056 1201 1115 dubitaret

204 1139 324 1214 aperire,
339 1137 409 1212 quid
422 1138 573 1213 cogitaret,
588 1155 636 1193 vos
648 1135 767 1210 potestis
780 1134 923 1206 dubitare,
938 1135 1008 1210 quid
1022 1135 1145 1192 fecerit?

155 1217 189 1271 10
242 1216 343 1274 XVII.
376 1215 633 1278 Quemadmodum
648 1214 734 1291 igitur
748 1233 816 1272 eum
836 1214 899 1271 dies
912 1234 970 1271 non
991 1214 1113 1272 seseuitt
1135 1214 1197 1271 dixi

202 1296 337 1371 equidem
360 1293 455 1352 modd.
496 1293 654 1351 Dictatcris
674 1292 819 1351 Lanuviui
839 1303 914 1350 stata
934 1293 1078 1351 sacrificia
1097 1291 1197 1364 misse,

202 1375 311 1451 negotii
331 1373 403 1431 nihil
430 1383 500 1430 erat.
555 1372 647 1443 Vidit,
675 1392 794 1430 necesse
821 1391 885 1431 esse
910 1371 1024 1447 MilpnI,
1051 1373 1196 1448 proficisci

203 1453 366 1511 Lanuvium
382 1451 430 1509 illo
444 1452 514 1528 ipso,
529 1471 586 1527 quo
598 1452 745 1526 profectus
765 1461 818 1522 est,
833 1452 900 1509 die:
921 1452 1019 1525 itaque
1034 1451 1195 1510 antevertit.

203 1532 245 1590 At
258 1552 315 1607 quo
328 1531 397 1589 diel
419 1549 475 1605 qno
490 1531 536 1608 (ut
550 1529 616 1588 ante
632 1530 705 1609 dixi)
731 1529 915 1588 insanissima
938 1530 1040 1588 concio
1055 1531 1091 1587 ab
1105 1531 1198 1606 ipsius

155 1623 190 1676 15
204 1611 384 1669 mercenario
403 1610 520 1668 tribuno
541 1609 634 1686 plebis
654 1620 698 1668 est
718 1609 882 1667 concitata:
914 1628 1000 1684 quem
1027 1609 1104 1667 diem
1135 1609 1196 1681 ille,

203 1710 291 1766 quam
311 1690 491 1760 concionem,
507 1709 578 1765 quos
601 1689 751 1760 clamores,
774 1688 831 1746 nisi
853 1689 888 1745 ad
903 1688 1061 1765 cogitatum
1081 1688 1197 1746 facinus
1246 1732 1249 1735 -
1309 1718 1310 1721 ¹

204 1778 416 1845 approperaret,
430 1787 578 1843 nunquam
592 1768 762 1843 reliquisset.
804 1768 883 1843 Ergo
903 1767 945 1825 illi
965 1787 1002 1825 ne
1024 1787 1113 1825 eausa
1133 1768 1198 1842 qui·

203 1850 271 1906 dem
297 1848 419 1919 itineris,
446 1849 534 1906 etiem
562 1866 652 1905 causa
672 1847 827 1905 manendi:
850 1846 954 1904 Miloni
974 1847 1112 1904 manendi
1132 1848 1196 1905 nul·

202 1927 233 1984 la
252 1927 385 1999 facultas,
405 1926 531 1984 exeundi
557 1946 615 1984 non
643 1945 732 1984 causa
752 1926 855 1997 schim,
883 1925 1042 1984 sedetiam
1069 1926 1197 1985 necessi-

153 2012 190 2068 20
203 2016 249 2063 tas
268 2005 330 2064 fuit.

241 2084 345 2147 Quidt
367 2085 401 2155 si,
416 2093 448 2142 ut
470 2083 519 2142 ille
542 2084 636 2155 scivit,
661 2085 801 2143 Milonem
825 2084 885 2143 fore
906 2104 941 2143 eo
961 2083 1009 2141 die
1030 2083 1060 2142 in
1080 2083 1137 2157 via,
1152 2085 1196 2144 sic

204 2163 339 2222 Clodium
354 2162 478 2221 Milone
492 2163 633 2239 suspicari
647 2164 763 2240 quidem
777 2163 890 2239 potuitl

243 2241 374 2301 Primdm
398 2262 504 2318 quaero,
532 2241 581 2318 qui
602 2243 678 2301 scire
699 2243 845 2319 potuerit?
882 2243 957 2318 quod
985 2262 1034 2301 vos
1058 2242 1136 2300 idem
1164 2243 1194 2311 in

204 2322 308 2381 Clodio
321 2342 449 2397 quaerere
463 2342 520 2380 non
533 2322 659 2399 potestis.
701 2322 741 2380 Ut
754 2322 832 2381 enim
855 2322 1002 2379 neminem
1025 2322 1123 2393 alium,
1138 2322 1195 2381 nisi

153 2406 190 2462 25
204 2402 242 2460 Τ.
265 2402 409 2473 Patinam,
432 2401 687 2459 familiarissimum
709 2420 804 2472 suum,
831 2401 970 2478 rogasset,
998 2401 1073 2459 scire
1092 2402 1194 2477 potuit,

204 2481 253 2540 illo
267 2481 328 2557 ipso
342 2482 389 2539 die
403 2480 527 2538 Lanuvii
545 2481 716 2538 adictatore
740 2479 851 2538 Milone
871 2480 953 2556 prodi
978 2479 1124 2538 flaminem
1144 2501 1195 2538 ne·

204 2580 286 2619 cesse
300 2580 372 2619 esse.
415 2561 474 2618 Sed
492 2570 575 2618 erant
597 2558 732 2636 permulti
756 2559 815 2630 alii,
830 2579 866 2617 ex
886 2559 991 2635 quihus
1012 2560 1041 2617 id
1056 2559 1193 2616 facillime

203 2640 279 2697 scire
312 2648 424 2714 posset;
457 2633 568 2696 omnes
584 2639 697 2696 scilicet
727 2638 879 2696 Lanuvini.
934 2638 1009 2697 Milo
1034 2640 1070 2696 de
1097 2638 1193 2696 Clodii

203 2718 298 2776 reditu
322 2718 399 2774 unde
421 2717 571 2791 quaesivitl
611 2717 770 2779 Quaesierit
792 2715 881 2775 sane:
903 2717 1008 2789 videte,
1032 2717 1100 2791 quid
1115 2717 1193 2775 vobis

153 2798 189 2854 30
203 2796 329 2872 largiar:
350 2814 464 2852 servum
478 2795 566 2852 etiam
583 2795 629 2871 (ut
652 2797 766 2867 Arrius,
780 2816 863 2854 meus
885 2797 1006 2868 amicus,
1024 2797 1108 2872 dixit)
1132 2815 1194 2853 cor·

203 2874 320 2949 ruperit.
371 2873 474 2949 Legite
500 2874 663 2932 testimonia
690 2876 807 2932 testium
833 2886 999 2933 vestrorum.
1050 2875 1131 2933 Dixit
1157 2876 1191 2934 C.
1224 2877 1226 2880 ’

204 2953 365 3024 Cassinius,
388 2962 578 3028 cognomento
605 2953 701 3024 Scola,
729 2953 920 3025 Interamnas,
944 2954 1191 3025 familiarissimus,

203 3044 233 3092 et
247 3032 324 3089 idern
339 3050 436 3089 comes
458 3031 489 3088 P.
506 3031 611 3103 Clodii,
635 3033 732 3109 (cujus
753 3033 924 3110 jampridem
949 3033 1113 3091 testimonio
1126 3033 1192 3091 Clo-

204 3113 269 3169 dius
282 3110 385 3168 eadem
409 3110 478 3168 hora
502 3109 676 3169 Interamnae
701 3112 803 3182 suerat,
818 3123 847 3169 et
870 3112 988 3190 Romae)
1010 3112 1042 3169 P.
1058 3112 1191 3169 Clodium

152 3191 253 3248 acillo
279 3189 327 3247 die
354 3188 383 3247 in
412 3190 528 3248 Albano
554 3210 722 3248 mansurum
749 3191 855 3260 suisse;
883 3192 935 3248 sed
962 3189 1056 3248 subitd
1079 3190 1106 3248 ei
1129 3210 1191 3248 esse

202 3270 377 3340 nuntiatum,
399 3269 509 3345 Cyrum
534 3270 723 3327 architectum
745 3289 808 3327 esse
832 3279 992 3341 mortuum;
1020 3270 1117 3345 itaque
1131 3269 1191 3326 Ro·

202 3368 280 3406 mam
293 3346 411 3424 repentd
436 3348 620 3406 constituisse
642 3347 794 3424 proficisci.
836 3347 919 3407 Dixit
932 3349 998 3421 hoc,
1013 3368 1109 3407 comes
1123 3349 1191 3406 item

203 3428 235 3486 P.
250 3428 356 3498 Clodii,
371 3428 406 3485 C.
421 3427 550 3486 Clodius.

242 3506 361 3565 XVIII.
402 3506 518 3578 Videte,
539 3505 663 3582 judices,
677 3515 791 3580 quantae
816 3527 862 3564 res
876 3505 921 3565 his
944 3507 1114 3566 testimoniis
1135 3506 1191 3565 sint

151 3588 188 3644 to
203 3587 350 3644 confectae.
392 3584 532 3656 Primum,
557 3583 636 3642 certe
660 3585 798 3643 liberatur
825 3585 908 3656 Mil0,
933 3606 991 3644 non
1014 3606 1050 3645 eo
1073 3586 1191 3645 consilio

200 3665 346 3740 profectus
360 3683 433 3734 esse,
447 3674 480 3720 ut
493 3663 677 3722 insidiaretur
700 3663 731 3722 in
754 3665 801 3722 via
824 3665 945 3735 Clodi03
973 3665 1078 3742 quippe
1101 3664 1150 3740 qui
1163 3665 1190 3722 ei

200 3743 300 3801 obvius
322 3744 435 3801 futurus
455 3743 573 3800 omnino
593 3763 652 3800 non
675 3754 744 3801 erat.
787 3743 903 3802 Deinde
921 3744 993 3820 (non
1007 3745 1085 3809 enim
1098 3744 1188 3814 video,

201 3842 253 3880 cur
266 3842 324 3881 non
339 3841 435 3879 meum
449 3840 562 3895 quoque
577 3841 660 3897 agam
675 3822 836 3901 negotium)
852 3823 942 3893 scitis,
954 3823 1079 3900 judices,
1093 3823 1188 3894 fuisse,

90 3956 97 3969 ,
201 3900 260 3976 qui,
275 3900 305 3959 in
319 3902 376 3959 hac
388 3900 537 3976 rogatione
550 3900 710 3971 suadendi),
734 3901 875 3974 dicerent,
890 3900 1011 3962 Milonis
1033 3922 1123 3961 manu
1136 3921 1189 3960 cae·
