2702 4464
402 292 538 343 ORATIO
560 293 630 343 PRO
654 294 751 344 1,an
772 293 938 344 Manlum.
1172 297 1213 356 53

180 436 315 512 liqueritl
356 436 462 494 Vestra
476 437 701 496 admurmuratio
714 437 793 510 facit,
806 437 950 509 Quirites,
964 446 996 495 ut
1010 455 1167 513 agnoscere

180 515 346 586 videamini,
360 515 409 590 qui
424 516 486 573 haee
508 516 645 573 fecerint:
666 535 721 592 ego
742 527 839 574 autem
860 517 1007 573 neminem
1030 515 1165 572 nomino:

181 613 269 669 quare
283 594 368 651 irasci
382 594 454 650 mihi
467 612 552 651 nemo
572 594 685 669 poterit,
698 594 755 651 nisi
776 594 824 669 qui
848 594 914 651 anta
934 595 972 652 de
993 613 1024 650 se
1045 592 1167 651 voluerit

181 672 319 730 confiteri.
361 671 472 747 Itaque,
480 681 593 748 propter
604 674 680 729 hanc
695 672 843 728 avaritiam
854 673 1067 748 imperatorum,
1078 690 1167 746 quan-

180 760 225 807 tas
239 750 427 821 calamitates,
448 749 622 824 quocunque
643 759 760 808 ventum
783 750 829 820 sit,
851 751 941 808 nostri
962 750 1107 808 exercitus
1127 749 1167 806 fe·
1197 755 1216 809 5

180 838 254 899 rant,
268 828 333 903 quis
347 828 479 904 ignorati
519 827 639 898 Itinera,
663 847 726 901 quae
749 847 799 904 per
814 830 900 886 hosce
924 848 1013 886 anuos
1037 829 1067 885 in
1081 827 1168 885 Italia

179 926 230 983 per
245 925 327 982 agros
342 915 426 981 atque
440 906 543 982 oppida
561 906 668 963 civium
691 905 889 964 Romanorum
908 908 997 965 nostri
1019 907 1168 982 imperato·

180 1004 227 1041 res
238 984 379 1054 fecerunt,
393 984 603 1042 recordamini:
624 994 686 1041 tum
707 981 822 1041 facilius
845 985 986 1055 statuetiS,
1009 986 1079 1060 quid
1093 984 1168 1060 apud

181 1074 293 1121 exteras
306 1063 437 1120 nationes
451 1062 513 1119 lieri
527 1062 703 1119 existimetis.
745 1061 849 1119 Utrum
871 1063 966 1139 plures
990 1061 1168 1120 arbitramini

180 1161 232 1217 per
247 1143 332 1198 hosce
348 1160 437 1198 annos
450 1141 573 1197 militum
587 1150 745 1198 vestrorum
760 1141 847 1197 armis
867 1142 990 1199 hostium
1004 1142 1099 1211 urbes,
1121 1160 1167 1210 an,
1183 1147 1217 1200 10

148 1252 150 1255 ·
182 1219 319 1290 hibernis,
334 1220 477 1277 sociorum
490 1218 630 1289 civitates,
645 1238 709 1277 esse
732 1218 862 1275 deletas?
903 1219 1008 1293 Neque
1031 1219 1108 1275 enim
1121 1238 1169 1294 po-

181 1308 237 1356 test
250 1298 409 1356 exercitum
423 1299 447 1355 is
462 1298 608 1355 continere
622 1298 785 1373 imperator,
799 1297 848 1372 qui
872 1317 903 1354 se
927 1298 1019 1373 ipsum
1034 1316 1090 1354 non
1101 1317 1169 1354 con·

181 1378 271 1447 tinet;
292 1396 386 1451 neque
400 1395 516 1434 severus
529 1395 592 1434 esse
607 1376 815 1451 injudicando,
830 1377 878 1451 qui
894 1376 964 1433 alios
985 1375 1015 1432 in
1037 1394 1068 1432 se
1091 1394 1170 1433 seve·

181 1475 227 1514 ros
240 1475 304 1512 esse
314 1455 428 1530 judices
442 1474 499 1512 non
513 1453 580 1511 vult.

222 1533 281 1591 Hie
302 1533 450 1602 miramur,
474 1533 554 1589 huno
575 1531 720 1590 hominem
742 1530 855 1589 tantiam
876 1533 1017 1590 excellere
1044 1530 1166 1600 caeteris,
1183 1537 1218 1590 15

182 1611 264 1688 cujus
278 1612 406 1687 legiones
419 1611 462 1668 sic
476 1611 506 1668 in
520 1611 622 1667 Asiam
636 1619 836 1686 pervenerunt,
851 1620 953 1668 utnon
967 1608 1051 1668 modd
1066 1629 1169 1666 manus

181 1691 254 1747 tanti
271 1690 424 1761 exercitiis,
449 1691 559 1746 sedne
584 1689 736 1765 vestigium
759 1689 886 1763 quidem,
910 1689 1045 1763 cuiquam
1066 1696 1169 1764 pacato

181 1769 314 1826 nocuisse
328 1768 462 1825 dicaturl
502 1767 570 1824 lam
588 1765 667 1837 verb,
688 1767 929 1841 quemadmodum
950 1767 1055 1824 milites
1076 1767 1169 1824 hiber·

181 1857 261 1917 nent,
275 1846 401 1921 quotidie
423 1864 569 1903 sermones
591 1864 626 1902 ac
646 1845 737 1902 literae
757 1845 946 1921 perferuntur.
987 1845 1055 1903 Non
1071 1842 1167 1915 modi),

183 1935 215 1981 ut
236 1935 379 2000 sumptum
403 1924 492 1982 faciat
513 1924 543 1981 iu
564 1924 696 1994 militem,
710 1923 820 1981 nemini
841 1923 884 1980 vis
906 1924 1037 1993 affertur;
1059 1924 1111 1980 sed
1130 1942 1167 1980 ne
1181 1925 1218 1979 20

184 2003 310 2079 cupienti
336 2003 453 2077 quidem
480 2003 615 2078 cuiquam
641 2001 822 2078 permittitur.
865 2002 979 2059 Hiemis
1001 2002 1089 2072 enim,
1110 2021 1168 2059 non

184 2081 319 2151 avaritia,
333 2080 496 2157 perfugium
509 2080 631 2156 majores
652 2081 741 2138 nostri
755 2081 785 2138 in
809 2080 951 2138 sociorum
965 2091 1049 2156 atque
1064 2080 1174 2138 amieo?

184 2179 247 2217 rum
262 2160 345 2216 tectis
359 2178 422 2217 esse
437 2160 594 2218 voluerunt.

223 2238 308 2295 XIV.
342 2239 408 2313 Age
429 2235 506 2308 verri,
528 2237 640 2294 caeteris
660 2237 690 2295 in
710 2238 796 2296 rebus
815 2237 896 2313 quali
914 2236 951 2293 sit
969 2236 1168 2312 temperantia,

184 2317 372 2373 considerate.
412 2315 498 2374 Unde
518 2316 596 2372 illam
616 2326 725 2373 tantam
749 2316 935 2385 celeritatem,
950 2325 979 2372 et
999 2325 1057 2372 tam
1078 2316 1217 2372 inere-25

184 2394 304 2450 dibilem
326 2412 442 2450 cursum
465 2394 610 2451 inventum
632 2395 758 2470 putatisl
786 2413 844 2451 non
866 2395 952 2451 enim·
965 2393 1046 2450 illum
1064 2394 1170 2451 eximia

184 2473 227 2528 vis
241 2471 392 2546 remigum,
408 2480 457 2528 aut
471 2491 516 2528 ars
530 2472 659 2530 inaudita
672 2474 803 2547 quaedam
823 2472 1014 2548 gubernandi,
1029 2481 1078 2529 aut
1092 2472 1168 2530 venti

120 2601 123 2612 ,
184 2549 273 2623 aliqui
287 2548 362 2620 novi,
376 2559 436 2622 tam
455 2550 585 2607 celeriter
607 2551 637 2608 in
658 2551 774 2608 ultimas
794 2560 885 2608 terras
903 2551 1097 2626 pertulerunt:
1118 2550 1169 2607 sed

183 2628 228 2684 hae
242 2647 298 2698 res,
312 2647 375 2701 quae
399 2637 517 2686 caeteros
539 2629 676 2686 remorari
698 2629 798 2699 solent,
813 2649 870 2687 non
892 2628 1089 2687 retardarunt:
1111 2648 1168 2686 non

183 2706 303 2763 avaritia
318 2708 354 2762 ab
368 2706 497 2765 instituto
510 2726 598 2763 cursu
612 2708 648 2763 ad
661 2708 787 2782 praedam
802 2708 925 2784 aliquam
939 2707 1097 2778 devocavit,
1110 2727 1168 2765 non
1180 2707 1216 2763 30

182 2784 271 2841 libido
288 2785 324 2841 ad
348 2785 530 2859 voluptatem,
549 2804 606 2842 non
629 2786 780 2843 amoenitas
802 2787 838 2843 ad
860 2786 1089 2858 delectationem,
1110 2806 1168 2844 non

181 2863 316 2920 nobilitas
337 2864 416 2921 urbis
438 2864 474 2920 ad
496 2863 699 2939 cognitionem,
723 2884 781 2922 non
803 2865 926 2940 denique
949 2864 1028 2922 labor
1050 2865 1110 2940 ipse
1131 2865 1168 2921 ad
1192 2924 1195 2927 ,

181 2942 323 3014 quietem,
344 2939 498 3017 postremi),
519 2942 613 3018 signa,
628 2952 657 2999 et
679 2943 801 3012 tabulas,
816 2953 976 3017 caeteraque
999 2953 1169 3001 ornamenta

181 3019 350 3077 Graeeorum
363 3021 540 3096 oppidorum,
555 3040 618 3095 quae
641 3021 738 3078 caeteri
759 3021 884 3078 tollenda
906 3040 968 3078 esse
984 3021 1166 3095 arbitrantur,

181 3116 217 3154 ea
240 3098 295 3154 sibi
319 3099 367 3155 ille
388 3119 426 3156 ne
447 3099 566 3155 visenda
586 3099 702 3174 quidem
725 3099 904 3156 existimavit.
946 3099 1047 3174 Itaque
1067 3118 1167 3158 omnes
1180 3097 1217 3152 35

181 3176 297 3249 quidem
319 3180 398 3235 nunc
412 3178 442 3235 in
464 3177 509 3234 his
523 3177 595 3234 locis
616 3177 671 3234 Cn.
686 3176 863 3252 Pompeium,
877 3178 954 3235 sicut
972 3178 1094 3253 aliquem
1109 3198 1167 3235 non

182 3273 217 3309 ex
232 3254 288 3310 hac
301 3255 372 3312 urbe
385 3256 514 3324 missum,
529 3256 580 3311 sed
594 3255 630 3312 de
645 3254 717 3311 coelo
730 3255 888 3330 delapsum,
903 3256 1066 3313 intuentur:
1087 3276 1166 3314 nunc

182 3331 306 3406 denique
333 3333 475 3408 incipiunt
507 3333 635 3403 credere,
663 3332 751 3390 firisse
778 3333 908 3389 homines
934 3333 1083 3391 Romanos
1111 3335 1167 3392 hac

181 3411 325 3483 quondam
347 3410 536 3478 abstinentit3
557 3411 632 3485 quod
651 3410 711 3485 jam
731 3410 896 3467 nationibus
917 3412 1021 3468 exteris
1044 3413 1167 3469 incredi-

182 3488 249 3558 bile,
266 3507 300 3545 ae
322 3487 392 3546 falsd
415 3488 557 3545 memoriae
579 3489 731 3563 proditum,
746 3489 904 3546 videbatur.
945 3489 974 3545 N
978 3508 1034 3547 uno
1054 3490 1165 3565 imperii
1178 3487 1215 3542 40

181 3567 268 3623 vestri
295 3566 425 3641 splendor
454 3567 510 3623 illis
530 3566 665 3641 gentibus
684 3566 781 3624 lucet:
809 3585 892 3623 nuno
914 3566 1087 3644 intelligunt,
1108 3589 1165 3628 non

181 3643 243 3701 sine
258 3644 345 3701 causti
367 3645 488 3720 majores
509 3664 575 3701 suos
596 3654 668 3714 tum,
693 3641 761 3704 ciun
783 3644 839 3700 hac
859 3647 1048 3720 temperantia
1062 3648 1166 3724 magis-

181 3732 271 3858 qqatus
293 3723 479 3857 lqaltbebamus,
500 3723 605 3795 servire
629 3723 732 3798 populo
754 3722 899 3795 Romano,
919 3722 1006 3800 quim
1025 3725 1166 3803 imperare

210 3822 255 3872 ns,
269 3820 298 3858 m
328 3821 412 3860 uisse.

417 3879 463 3937 5*
