2702 4464
128 347 171 407 42
371 336 507 387 ORATIO
528 336 575 387 tv.
597 335 635 385 IN
658 336 689 385 1..
712 334 926 385 CATILINAM.

178 490 294 538 ornetur
315 479 387 537 alter
406 478 512 536 eximit
532 478 618 536 laude
640 477 807 549 Africanus,
829 477 879 552 qui
898 478 971 534 duas
990 476 1077 535 urbes
1097 476 1167 535 huic

179 558 298 635 imperio
317 557 526 648 infestissimas,
540 557 749 633 Carthaginem
768 556 1026 630 Numantiamque,
1041 555 1165 614 delevit:

178 638 318 694 habeatur
338 637 380 694 vir
401 636 535 713 egregius
555 636 588 693 L.
603 636 711 692 Paulus
713 634 794 706 ,ille,
810 634 892 710 cujus
912 653 1029 691 currum
1049 653 1100 691 rex
1118 653 1166 723 po-

178 715 355 772 tentissimus
374 715 518 789 quondam
538 724 568 772 et
587 713 790 784 nobilissimus,
805 713 917 782 Perses,
931 712 1108 770 honestavit:
1129 712 1166 769 sit

143 793 209 860 5iu
229 793 337 850 ιιιιιιιι
357 792 448 869 gloriis
469 791 581 849 Marius
583 792 656 866 ,qui
676 791 720 848 bis
740 759 856 848 Italiam
869 790 1017 849 obsidione
1037 798 1067 847 ιι
1086 801 1165 848 metu

178 871 322 930 servitutis
348 870 498 930 liberavit.
527 880 713 946 anteponatur
736 869 870 928 omnibus
896 868 1058 945 Pompeius,
1082 870 1164 944 cujus

177 969 224 1008 res
237 960 324 1039 geste
339 960 424 1023 atque
434 949 552 1006 virtutes
562 948 664 1006 iisdem
667 949 788 1022 ,quihus
798 948 865 1006 solis
876 966 986 1018 cursus,
1000 947 1165 1023 regionibus

178 1047 214 1085 ac
227 1028 357 1086 terminis
371 1027 562 1086 continentur.
603 1027 668 1084 Ειιι
680 1025 825 1122 profecto,
840 1026 914 1084 inter
934 1026 1035 1083 horum
1053 1025 1164 1097 laudes,

179 1107 287 1181 aliquid
306 1107 363 1165 loci
383 1116 487 1165 nostrae
508 1105 629 1201 gloriae;
658 1105 714 1164 nisi
735 1103 806 1162 forte
827 1104 920 1196 majus
940 1113 983 1161 est
1000 1103 1165 1192 patefaqere

132 1194 164 1248 lo
178 1186 261 1242 nobis
279 1185 450 1274 provincias,
465 1183 522 1258 qub
543 1184 620 1241 exire
628 1183 789 1278 possimus,
804 1182 891 1257 quum
905 1201 1017 1253 curare,
1032 1192 1064 1239 ut
1077 1181 1164 1240 etiam

178 1263 230 1333 illi,
244 1263 294 1338 qui
309 1265 421 1334 absunt,
436 1264 571 1332 habeant,
585 1261 641 1336 quo
655 1261 777 1318 victores
791 1270 976 1318 revertantur.

216 1342 395 1416 Quanquam
415 1350 459 1397 est
478 1360 536 1397 uno
555 1341 620 1398 loco
638 1338 764 1397 conditio
777 1338 876 1396 melior
890 1349 1014 1396 externe
1027 1336 1163 1427 victorie,

96 1456 99 1463 «
178 1417 265 1507 quum
285 1418 465 1489 domesticam
490 1416 567 1493 qubd
587 1419 683 1476 hostes
704 1417 872 1493 alienigene
894 1427 943 1474 aut
961 1415 1087 1492 oppressi
1107 1436 1165 1473 ser·

178 1497 269 1568 viunt,
284 1506 333 1554 aut
352 1498 461 1572 recepti
481 1496 674 1554 beneficiose
694 1495 833 1571 obligatos
852 1504 970 1570 putant:
997 1494 1046 1569 qui
1067 1503 1164 1551 autem

130 1579 165 1633 15
179 1595 215 1633 ex
227 1594 347 1633 numero
367 1575 483 1646 civium,
497 1573 644 1668 dementia
664 1574 759 1648 aliqui
768 1573 935 1662 'depravath
950 1574 1045 1630 hostes
1064 1572 1163 1649 patriae

179 1654 267 1711 semel
278 1673 341 1712 esse
340 1663 508 1747 Ἰ,ιιιιιιιιιιιι
520 1672 578 1724 eos,
590 1651 657 1709 crim
669 1651 824 1728 apernicie
837 1651 1002 1741 reipublicae
1015 1650 1163 1727 repuleris,

178 1751 234 1790 nec
254 1733 282 1789 ιι
303 1736 448 1803 coercere,
462 1750 518 1790 nec
537 1731 679 1789 beneficio
698 1731 813 1805 placare
832 1729 931 1805 possis.
970 1728 1073 1789 Quare
1092 1729 1164 1786 mihi

179 1829 247 1868 curn
259 1811 377 1886 perditis
391 1778 502 1868 civibus
516 1819 654 1867 aeternum
673 1809 781 1866 bellum
801 1818 965 1883 susceptum
985 1826 1047 1864 esse
1062 1807 1163 1865 video:

106 1855 150 1957 ᾖ
178 1889 254 1964 quod
274 1908 338 1964 ego,
358 1900 452 1947 vestro
471 1889 666 1961 bonorumque
686 1886 814 1944 omnium
835 1887 951 1956 auxilio,
968 1886 1164 1975 memoriaque

128 1970 165 2024 ιθ
179 1977 322 2024 tantorum
342 1967 545 2042 periculorum,
567 1965 643 2055 (quae
670 1985 728 2023 non
754 1963 875 2022 modo
868 1984 898 2021 ιιι
918 1966 973 2022 hoc
992 1963 1096 2040 populo
1115 1964 1165 2039 qui

179 2055 307 2102 servatus
327 2056 380 2116 est,
401 2047 452 2104 sed
472 2045 560 2102 etiam
580 2045 611 2101 in
630 2044 758 2101 omnium
779 2043 909 2120 gentium
929 2041 1108 2100 sermonibus
1129 2061 1164 2099 ao

179 2124 323 2180 mentibus
325 2142 460 2199 ,semper
473 2122 605 2202 herebit)
622 2141 639 2179 a
658 2141 705 2179 me
726 2131 811 2196 atque
832 2141 849 2178 a
868 2121 940 2178 meis
954 2119 1039 2181 sacile
1054 2120 1165 2196 propul-

179 2201 235 2258 sari
249 2221 331 2277 ιιοιιι
345 2202 466 2260 conlido
506 2201 611 2276 Neque
625 2200 684 2257 ulla
696 2198 823 2290 profecto
838 2210 919 2257 tanta
935 2199 978 2256 vis
998 2199 1163 2274 reperietur,

179 2299 242 2355 quae
256 2280 488 2369 conjunctionem
501 2289 625 2336 vestram
639 2279 823 2367 equitumque
837 2278 1046 2348 Romanorum,
1061 2287 1090 2334 et
1102 2287 1165 2334 tan·
1225 2295 1226 2299 ¹

129 2363 166 2415 25
179 2368 238 2414 tum
259 2358 500 2457 conspirationem
519 2358 659 2415 bonorum
678 2356 817 2429 omnium,
836 2356 1014 2434 perfringere
1040 2365 1070 2413 et
1088 2356 1165 2413 labe·

179 2436 287 2494 factare
300 2438 395 2515 possit.
407 2427 431 2495 ‘l

218 2515 275 2573 XI.
301 2517 379 2578 Quae
407 2514 475 2573 crim
503 2514 544 2572 ita
563 2514 630 2587 sint,
650 2514 751 2572 Putres
771 2513 945 2589 Conscripti,
964 2532 1016 2589 pro
1036 2510 1164 2588 imperio,

180 2614 232 2683 pro
245 2595 372 2651 exercitu
375 2615 447 2670 ,pro
465 2593 623 2669 provincia,
638 2612 724 2668 quarn
744 2592 868 2668 neglexi,
881 2612 932 2668 pro
945 2592 1097 2665 triumph0,
1112 2609 1166 2646 cae·

180 2672 305 2746 terisque
318 2640 411 2728 lautlis
425 2672 596 2746 insignibus,
610 2690 673 2745 quae
687 2681 753 2727 sunt
774 2690 791 2727 a
810 2690 867 2741 me,
880 2680 992 2745 propter
1006 2668 1093 2725 Urbis
1105 2687 1167 2724 ves·

131 2758 167 2813 30
181 2760 287 2823 traeque
298 2749 397 2806 salutis
408 2749 567 2806 custodiam
569 2716 752 2823 ,iepudiata;
770 2768 821 2823 pro
832 2748 972 2805 clientelis
983 2746 1166 2823 hospitiisque

180 2827 412 2921 provincialibus,
426 2845 490 2901 quar
503 2838 600 2883 tamen
613 2826 731 2883 urbanis
750 2826 851 2915 opibus
871 2845 928 2883 non
946 2826 1056 2901 minore
1069 2825 1166 2882 labore

181 2918 273 2975 tueor,
293 2903 381 2979 quam
401 2923 550 2980 comparo3
577 2924 629 2980 pro
655 2904 700 2960 his
726 2904 812 2981 igitur
839 2892 972 2961 omnibus
997 2904 1093 2975 rebus,
1116 2921 1167 2978 pro

181 2983 254 3041 meis
268 2984 298 3040 in
311 3002 360 3040 vos
374 2983 567 3058 singularibus
580 2982 681 3039 studiis
684 3001 808 3059 ,proque
818 2983 874 3040 hac
876 3001 980 3057 ,quam
991 2981 1166 3058 conspicitis,

183 3063 220 3118 ad
230 3062 459 3150 ‘conservandam
473 3061 680 3150 rempublicam
693 3060 854 3138 diligentia,
868 3029 939 3119 ιιιιιιι
955 3061 1031 3118 aliud
1048 3060 1166 3149 avobis,

133 3151 169 3207 35
182 3138 239 3197 nisi
266 3139 350 3215 hujus
373 3138 518 3214 temporis,
539 3139 681 3228 totiusque
708 3140 767 3197 mei
795 3140 962 3197 consulatirs
989 3137 1167 3208 memoriam,

182 3218 309 3294 postulo;
331 3237 393 3292 ιιιιιι
407 3219 476 3274 dum
491 3217 545 3275 erit
558 3218 659 3274 vestris
672 3219 817 3275 mentibus
835 3219 932 3287 infixa,
946 3217 1108 3274 firmissimo
1121 3234 1168 3272 me

183 3317 265 3355 muro
286 3307 397 3373 septum
417 3316 481 3354 esse
502 3296 668 3354 arbitrabor.
708 3295 835 3358 Quod
814 3316 838 3353 ιι
851 3315 946 3353 meam
964 3314 1044 3370 spem
1057 3294 1100 3351 vis
1118 3293 1170 3350 im·

183 3377 335 3452 proborum
356 3374 489 3433 fefellerit
509 3385 594 3466 atque
614 3376 804 3467 superaverim
826 3374 996 3432 commendo
1009 3372 1089 3430 vobis
1107 3390 1171 3447 pur·

184 3473 251 3510 vum
265 3473 361 3512 meum
374 3454 484 3550 filium3
506 3474 555 3512 cur
546 3452 695 3530 profecti)
711 3454 779 3511 satis
793 3453 847 3510 erit
858 3451 993 3542 presidii,
1005 3471 1063 3509 non
1077 3449 1170 3508 solirm

136 3540 171 3595 40
186 3533 222 3589 ad
243 3534 374 3604 salutem,
395 3530 495 3592 verbm
522 3533 610 3591 etiam
638 3533 675 3589 ad
701 3531 880 3620 dignitatem,
901 3530 926 3593 ιι
946 3530 1017 3606 ejus,
1038 3530 1087 3606 qui
1108 3530 1171 3586 brec

184 3611 282 3667 omnia
302 3630 353 3667 suo
371 3611 448 3669 solus
460 3611 588 3691 periculo
602 3608 821 3681 conservaverit,
836 3609 916 3666 illum
931 3628 994 3667 esse
1007 3609 1099 3666 filiurn
1113 3624 1172 3664 me·

185 3687 334 3744 mineritis.

224 3756 417 3841 Quapropter,
439 3766 476 3824 de
495 3767 607 3824 summi
628 3767 719 3824 salute
739 3766 844 3837 vestra,
862 3736 1014 3853 populique
1034 3761 1172 3830 Romani,

186 3844 286 3903 Patres
313 3843 487 3921 conscripti,
507 3846 544 3903 de
563 3844 665 3904 vestris
685 3811 855 3923 conjugibus
875 3863 911 3902 ac
930 3841 1038 3914 liberis,
1059 3841 1096 3897 de
1117 3839 1174 3896 aris
