2702 4464
402 338 537 387 ORATIO
559 338 608 387 III.
630 338 668 387 IN
691 337 722 386 L.
745 337 957 387 CATILINAM.
1181 339 1216 396 31

230 480 315 539 VIII.
354 479 533 553 Quanquam
547 482 609 537 haec
622 480 729 550 omnia,
742 479 885 549 Quirites,
900 479 940 536 ita
953 488 1019 536 sunt
1034 496 1051 533 a
1064 497 1111 534 me
1125 478 1174 534 ad·

191 560 359 628 ministrata,
374 568 405 614 ut
423 558 551 615 Deorum
574 559 776 615 immortalium
800 568 873 615 nutu
897 567 981 630 atque
1005 556 1125 613 consilio
1144 565 1174 612 et

190 648 271 713 gesta
284 647 312 693 et
324 636 435 711 provisa
449 655 511 692 asse
524 636 683 693 videantur.
725 635 818 709 quue
841 653 908 692 cum
922 635 1090 710 conjecturd
1106 652 1173 690 cou-

171 715 269 789 ,sequi
282 733 441 789 possumus,
458 712 549 789 (quiid
562 714 609 771 vix
628 715 739 771 videtur
760 713 878 770 humani
902 713 1014 770 consilli
1028 721 1172 769 tantarum

188 810 283 849 rerum
298 792 468 868 gubernatio
481 810 544 847 esse
557 792 712 869 potuisse);
733 804 795 848 tum
813 789 880 848 verb
895 790 936 847 ita
954 800 1108 866 presentes
1127 790 1173 846 his
1202 792 1223 846 5

188 871 362 945 temporibus
375 888 458 945 opem
472 878 502 925 et
515 869 651 925 auxillum
666 870 749 926 uobis
762 869 898 938 tulerunt,
911 879 943 924 ut
956 887 1005 925 eos
1017 866 1091 943 pene
1105 886 1173 925 ocu·

187 949 222 1004 lis
238 948 336 1004 videre
349 965 504 1023 possemus.
546 946 634 1015 Nam,
648 956 680 1003 ut
702 947 752 1003 illa
773 946 913 1015 omittam,
934 947 1010 1003 visas
1032 956 1173 1002 nocturno

187 1036 315 1100 tempore
330 1025 366 1080 ab
380 1024 543 1081 Occidente
567 1024 646 1080 faces
661 1024 847 1096 ardoremque
870 1024 946 1093 coeli,
966 1033 998 1080 ut
1021 1023 1172 1079 fulminum

192 1103 298 1177 jactus,
314 1111 345 1159 ut
358 1112 440 1158 terrae
455 1112 556 1171 motus,
571 1112 603 1158 ut
617 1112 731 1170 caetera,
746 1120 809 1174 quae
823 1111 882 1156 tam
896 1102 995 1171 multa,
1010 1101 1092 1158 nobis
1106 1119 1173 1157 con·

187 1181 308 1249 salibus,
323 1180 490 1249 factasunt,
504 1189 536 1234 ut
550 1180 621 1250 hec,
636 1198 699 1253 que
723 1198 802 1235 nunc
826 1179 907 1248 fiunt,
923 1198 1027 1236 canere
1051 1178 1101 1234 Dii
1122 1178 1173 1235 im·
1186 1181 1219 1233 10

187 1258 321 1314 mortales
337 1258 518 1325 viderentur3
540 1258 594 1314 boc
608 1257 698 1326 certe,
711 1256 854 1327 Quirites,
866 1257 940 1330 quod
955 1275 1018 1313 sum
1032 1256 1172 1327 dicturus,

187 1355 280 1408 neque
293 1335 577 1411 praetermittendum,
592 1354 685 1409 neque
699 1335 919 1407 relinquendum
932 1343 983 1390 est.

227 1413 304 1470 Nam
317 1412 445 1489 profecti)
459 1412 597 1470 memorii
611 1413 725 1481 tenetis,
740 1412 826 1469 Cottia
840 1422 869 1468 et
882 1412 1030 1485 Torquato
1049 1411 1174 1468 consuli·

188 1491 250 1561 bus,
265 1492 424 1566 complures
439 1492 468 1547 in
483 1491 625 1566 Capitolio
643 1510 689 1546 res
702 1492 738 1547 de
759 1490 832 1546 coelo
851 1509 914 1546 esse
927 1509 1087 1565 percussas,
1103 1487 1171 1546 cum

186 1579 216 1625 et
235 1570 389 1626 simulacra
409 1568 536 1626 Deorum
557 1569 759 1625 immortalium
780 1567 899 1642 depidsa
918 1578 994 1637 sunt,
1021 1578 1050 1626 et
1070 1577 1170 1625 statue
1184 1579 1219 1632 15

186 1657 313 1704 veterum
328 1647 476 1704 hominum
490 1646 619 1721 dejectae,
630 1657 659 1703 et
673 1647 769 1721 legum
784 1664 841 1701 aera
854 1646 1017 1718 liquefacta.
1058 1646 1171 1703 Tactus

186 1735 230 1781 est
243 1726 330 1781 etiam
345 1725 403 1793 ille,
417 1726 466 1798 qui
481 1726 557 1781 hanc
572 1726 672 1781 urbem
687 1723 825 1792 condidit,
840 1723 1000 1805 Romulus3
1022 1742 1107 1796 quem
1128 1724 1171 1781 in·

186 1813 316 1860 auratum
328 1804 358 1860 iu
369 1803 511 1878 Capitolio
520 1821 638 1878 parvum
650 1812 734 1876 atque
744 1802 908 1871 lactentem,
920 1802 1055 1858 uberibus
1065 1802 1171 1876 lupinis

186 1879 354 1952 inhiantem,
379 1882 466 1938 fuisse
488 1881 667 1937 meministis.
715 1879 786 1939 Quo
807 1880 922 1952 quidem
944 1890 1079 1955 tempore,
1101 1877 1169 1936 cum

187 1960 330 2033 aruspices
344 1979 380 2016 ex
392 1960 452 2016 tout
466 1959 582 2015 Etrurii
598 1954 807 2027 convenissent,
819 1958 913 2014 cades
924 1967 1009 2030 atque
1023 1957 1167 2027 incendia,
1181 1965 1217 2019 20

185 2045 215 2091 et
227 2037 322 2111 legum
337 2037 493 2106 interitum,
512 2047 541 2093 et
555 2037 662 2093 bellum
676 2036 760 2093 civile
775 2054 809 2092 ac
823 2036 1021 2105 domesticum,
1040 2046 1069 2092 et
1083 2037 1169 2092 totius

185 2114 264 2170 urbis
279 2125 363 2188 atque
377 2115 489 2191 imperii
501 2129 639 2171 occasum
653 2113 875 2190 appropinquare
889 2114 1033 2183 dixerunt,
1048 2114 1104 2170 nisi
1118 2113 1168 2171 Dii

186 2191 369 2324 {immortales
383 2194 462 2251 omni
475 2193 586 2250 ratione
598 2193 715 2268 placati,
730 2212 782 2249 suo
794 2193 913 2249 numine
932 2190 1018 2268 prope
1034 2192 1093 2248 fata
1107 2192 1169 2268 ipsa

206 2269 339 2325 exissent.

176 2392 182 2407 .
226 2346 338 2420 Itaque,
353 2347 464 2404 illorum
478 2348 628 2423 responsis,
642 2358 712 2406 tuuc
726 2358 755 2405 et
767 2347 828 2405 ludi
843 2348 945 2404 decem
957 2366 1008 2424 per
1022 2347 1084 2403 dies
1098 2346 1216 2404 factius

185 2434 269 2493 sunt3
291 2443 384 2497 neque
398 2444 443 2481 res
466 2425 534 2496 ulla,
558 2445 620 2500 quae
645 2428 681 2484 ad
703 2426 877 2502 placandum
891 2424 979 2504 ,Deos
1001 2424 1166 2499 pertineret,

184 2503 375 2577 praetermissa
388 2513 447 2559 est:
469 2503 612 2577 iidemque
619 2504 774 2579 jusserunt,
786 2503 972 2560 simulacrum
980 2502 1060 2560 Jovis
1070 2502 1166 2559 Iacere

183 2581 286 2656 majus,
301 2580 372 2637 etin
387 2581 500 2638 excelso
511 2582 660 2652 collocare,
671 2593 710 2654 et,
724 2579 825 2640 contrd
835 2592 920 2655 atque
935 2578 1001 2637 ante
1016 2581 1117 2651 fuerat,
1130 2581 1166 2638 ad

184 2657 333 2715 Orientem
348 2668 529 2716 convertere:
551 2679 586 2717 ac
600 2679 630 2717 se
644 2679 758 2736 sperare
768 2660 910 2729 dixerunt,
922 2659 946 2716 si
957 2659 1027 2716 illud
1041 2659 1164 2734 signum,

184 2737 257 2810 quod
272 2737 383 2807 videtis,
398 2738 465 2794 solis
484 2748 588 2809 ortum,
609 2748 639 2795 et
659 2738 760 2809 sorum,
785 2738 953 2811 curiamque
976 2739 1164 2812 conspiceret,
1178 2738 1214 2792 30

183 2815 251 2884 fore,
266 2826 298 2871 ut
311 2834 347 2871 ea
370 2816 578 2889 consiliaque
603 2813 679 2872 clim
700 2826 797 2874 esseut
821 2815 893 2872 inita
915 2826 1015 2873 contra
1043 2815 1165 2872 salutem

182 2891 268 2949 Urbis
292 2904 376 2967 atque
400 2894 521 2969 imperii,
546 2894 764 2964 illustrarentur,
788 2903 820 2950 ut
844 2913 861 2950 a
883 2904 984 2950 senatu
1006 2893 1165 2968 populoque

182 2970 316 3028 Romano
328 2972 451 3047 perspici
465 2982 587 3047 possent.
629 2973 726 3047 Atque
740 2972 811 3029 illud
832 2972 872 3028 ita
885 2972 1084 3028 collocandum
1099 2990 1166 3041 con·

84 3108 88 3115 ,
182 3049 258 3105 sales
271 3050 313 3105 illi
327 3050 510 3106 locaverunt:
532 3051 582 3107 sed
596 3059 676 3106 tanta
690 3050 744 3107 fuit
756 3049 850 3125 operis
872 3050 1000 3118 tarditas,
1015 3060 1056 3118 ut,
1070 3068 1164 3122 neque

183 3145 199 3182 a
222 3128 413 3207 superioribus
437 3129 612 3199 consulibus,
635 3146 729 3202 neque
757 3147 773 3185 a
800 3127 882 3184 nobis
906 3137 972 3184 ante
995 3128 1164 3184 hodiernum
1177 3126 1213 3180 35

182 3205 268 3274 diem,
282 3205 479 3262 collocaretur.
491 3192 550 3290 ¹2-

220 3281 274 3339 IX.
297 3282 357 3340 Hic
378 3284 442 3357 quis
464 3293 556 3359 potest
579 3303 651 3353 esse,
665 3283 807 3354 Quirites,
831 3292 890 3339 tam
915 3296 1029 3338 aversus
1050 3301 1067 3338 a
1086 3302 1163 3354 vero,

179 3369 238 3416 tam
252 3380 387 3436 praeceps,
401 3371 461 3419 tam
475 3371 572 3419 mente
585 3372 695 3436 captus,
711 3362 759 3435 qui
773 3370 869 3435 neget,
893 3360 956 3416 haec
979 3360 1085 3430 omnia,
1099 3379 1163 3433 quae

179 3438 319 3508 videmus,
342 3437 543 3514 precipueque
567 3440 643 3496 hanc
670 3440 781 3507 urbem,
806 3438 933 3495 Deorum
961 3437 1163 3495 immortalium

181 3525 252 3572 nutu
262 3526 345 3590 atquc
353 3527 491 3592 potestate
500 3517 715 3574 administrarit
755 3516 882 3585 Etenim,
897 3512 965 3571 clim
979 3527 1054 3573 esset
1067 3516 1107 3573 ita
1121 3537 1163 3575 re·
1175 3515 1212 3569 to

180 3612 324 3668 sponsum,
352 3596 456 3666 cedes,
484 3596 629 3665 incendia,
657 3594 861 3667 interitumque
894 3593 1058 3669 reipublicae
1087 3614 1163 3654 com·

178 3672 282 3746 parari,
309 3671 352 3749 [et
375 3692 410 3730 ea
430 3693 480 3748 per
505 3674 606 3752 cives]
629 3692 692 3747 quae
716 3681 776 3728 tum
799 3682 910 3748 propter
934 3674 1161 3748 magnitudinem

179 3750 321 3806 scelerum
347 3751 492 3807 nonnullis
519 3751 702 3808 incredibilia
726 3750 914 3820 videbantur3
943 3769 979 3807 ea
998 3771 1055 3809 non
1075 3750 1160 3808 modd

179 3827 305 3903 cogitata
319 3848 336 3909 a
348 3829 467 3886 nefariis
481 3829 602 3899 civibus,
616 3825 715 3886 verbm
729 3829 816 3886 etiam
830 3839 973 3905 suscepta,
983 3848 1046 3887 esse
1059 3830 1162 3887 sensis·
