2702 4464
178 373 220 429 rs
449 372 586 423 ocimo
608 374 678 424 rao
699 373 796 424 naon
818 334 984 424 mamma

230 522 393 570 concidant
433 512 536 576 Quare
554 515 659 585 videte,
673 533 744 572 num
764 515 954 573 dubitandum
973 517 1054 575 vobis
1073 517 1120 588 sit,
1134 519 1213 577 omni

229 591 324 648 studio
337 591 374 648 ad
388 592 418 649 id
432 593 537 650 bellum
551 593 729 664 incumbere,
742 594 771 651 in
793 612 850 668 quo
870 594 962 670 gloria
978 596 1102 653 nominis
1115 599 1212 669 vestri,

229 669 306 727 salos
325 670 477 741 sociorum,
491 670 644 746 vectigalia
663 672 798 742 maxima,
817 671 936 730 fortuna
955 672 1142 748 plurimorum
1155 676 1213 733 civ-

229 747 299 816 ium,
314 765 381 804 curn
394 749 542 823 republica
556 748 754 806 defendantur.

193 833 212 885 5
268 824 354 881 VIII.
387 825 537 887 Quoniam
556 827 593 883 de
613 845 719 903 genere
739 827 808 886 belli
827 827 896 899 dixi,
914 847 994 886 nunc
1013 829 1050 886 de
1069 831 1212 905 magnitu-

228 902 295 960 dine
308 922 402 978 pauca
415 905 519 962 dicam.
553 905 650 963 Potest
659 906 737 963 enim
748 907 802 964 hoc
812 906 871 965 dici
884 925 890 964 :
911 907 979 967 belli
989 926 1081 983 genus
1094 926 1157 964 esse
1171 909 1212 966 ita

227 983 432 1053 necessarium,
444 993 475 1040 ut
485 983 522 1040 sit
531 984 699 1059 gerendum,
710 1004 767 1041 non
778 1004 841 1043 esse
851 985 891 1042 its
901 1003 1047 1061 magnum,
1062 995 1094 1043 ut
1104 986 1140 1042 sit
1149 1006 1211 1062 per·

226 1059 445 1117 timescendum.
480 1061 516 1119 In
530 1081 586 1136 qno
599 1061 723 1119 maxime
738 1063 926 1140 laborandum
935 1073 989 1134 est,
999 1083 1037 1121 ne
1051 1062 1122 1122 forre
1137 1082 1210 1123 avo·

227 1137 281 1207 bis,
305 1157 368 1212 quae
389 1138 606 1215 diligentissime
627 1141 802 1214 providenda
820 1151 896 1212 sunt,
918 1143 1129 1200 contemnenda
1147 1161 1211 1200 esse

176 1219 211 1274 10
227 1215 385 1274 videantur.
710 1266 714 1275 ,

265 1293 373 1367 Atque,
395 1303 426 1350 ut
445 1312 545 1351 omnes
565 1293 736 1370 intelligant,
756 1313 803 1351 me
830 1294 863 1351 L.
885 1295 1008 1354 Lucullo
1027 1305 1138 1353 tantum
1159 1296 1210 1354 im·

225 1371 324 1446 pertiri
337 1371 440 1441 laudis,
455 1382 593 1446 quantum
614 1373 678 1429 forti
692 1373 761 1442 viro,
776 1382 804 1429 et
824 1373 1033 1447 sapientissimo
1047 1373 1165 1443 homini,
1180 1384 1210 1430 et

227 1466 331 1524 magno
351 1449 522 1524 imperatori,
544 1450 698 1518 debeatur;
731 1451 807 1520 dico,
827 1451 890 1525 ejus
917 1450 1050 1520 adventu,
1070 1451 1210 1508 maximas

227 1525 404 1583 Mithridatis
423 1528 521 1603 copias
540 1528 672 1584 omnibus
698 1528 784 1584 rebus
808 1537 924 1584 ornatas
951 1537 1035 1599 atque
1056 1527 1210 1585 instructas

176 1615 210 1669 15
227 1603 333 1673 fuisse;
354 1606 510 1677 urbemque
531 1605 610 1662 Asiae
624 1605 821 1675 clarissimam,
836 1605 974 1679 nobisque
995 1605 1209 1677 amicissimam,

227 1681 450 1756 Cyzicenorum,
464 1683 609 1740 obsessam
629 1701 692 1740 esse
713 1682 749 1740 ab
769 1683 830 1758 ipso
849 1701 917 1759 rege
937 1683 1063 1740 maxima
1082 1683 1210 1740 multitu·

227 1760 305 1830 dine,
325 1769 355 1817 et
382 1772 574 1836 oppugnatam
603 1759 871 1830 vehementissime3
906 1778 991 1835 quam
1015 1761 1048 1818 L.
1069 1761 1210 1818 Lucullus

226 1838 340 1908 virtute,
361 1839 537 1909 assiduitate,
558 1838 686 1908 consilio,
710 1839 830 1895 summis
848 1838 1004 1897 obsidionis
1022 1838 1158 1914 periculis
1177 1839 1211 1896 li·

227 1915 355 1973 beravit:
376 1918 413 1973 ab
426 1917 527 1974 eodem
541 1917 710 1991 imperatore
724 1916 845 1977 classem
865 1934 1000 1992 magnam
1020 1925 1050 1972 et
1068 1925 1209 1987 ornatam,

174 2007 211 2061 20
227 2013 300 2067 que,
321 1993 444 2052 ducibus
464 1994 646 2065 Sertorianis,
665 1995 702 2051 ad
722 1993 837 2051 Italiam
857 1995 952 2052 studio
971 1993 1147 2052 inflammato
1166 2013 1211 2051 ra·

226 2081 350 2148 peretur,
371 2084 532 2148 superatam
552 2091 615 2130 esse
636 2083 720 2147 atque
740 2073 919 2148 depressam:
946 2090 1066 2147 magnas
1086 2072 1210 2129 hostium

226 2159 363 2226 praeterea
383 2151 479 2226 copias
498 2150 596 2209 multis
615 2152 722 2226 proeliis
742 2169 804 2208 esse
825 2151 952 2208 deletas:
979 2149 1210 2225 patefactumque

226 2228 331 2286 nostris
343 2229 504 2304 legionibus
518 2248 580 2287 esse
600 2229 734 2299 Pontum,
748 2229 797 2304 qui
818 2226 885 2287 ante
906 2227 1008 2303 populo
1027 2228 1161 2285 Romano
1175 2247 1211 2284 ex

226 2306 305 2364 omni
326 2307 405 2363 aditu
419 2307 534 2365 clausus
547 2316 638 2364 esset:
660 2307 786 2382 Sinopen
801 2316 886 2380 atque
899 2306 1034 2363 Amisum
1049 2305 1166 2379 (quibus
1179 2306 1210 2362 in

173 2396 211 2451 25
226 2384 337 2460 oppidis
357 2396 439 2442 erant
452 2385 598 2442 domicilia
611 2385 697 2460 regis,
711 2384 844 2443 omnibus
856 2384 942 2441 rebus
955 2394 1057 2441 ornata
1070 2394 1154 2458 atque
1167 2402 1210 2439 re·

228 2464 324 2542 ferta),
340 2473 514 2537 caeterasque
528 2464 613 2520 urbes
631 2463 715 2523 Ponti
729 2473 758 2519 et
770 2461 961 2537 Cappadocia
974 2461 1138 2536 permultas,
1153 2480 1211 2518 uno

228 2543 308 2619 aditu
327 2552 411 2615 atque
426 2542 549 2599 adventu
563 2561 625 2598 esse
640 2552 754 2616 captas:
775 2559 883 2617 regem,
898 2539 1048 2615 spoliatum
1061 2557 1150 2614 regno
1163 2557 1210 2614 pa·

227 2621 283 2678 trio
303 2631 387 2695 atque
408 2620 492 2690 avito,
508 2620 550 2677 ad
571 2620 641 2677 alios
660 2639 692 2675 se
712 2638 795 2695 reges
816 2627 900 2691 atque
924 2616 995 2674 alias
1023 2628 1124 2692 gentes
1147 2635 1211 2691 sup·

226 2698 332 2773 plicem
353 2697 526 2754 contulisse:
548 2707 632 2770 atque
652 2697 715 2753 lraec
736 2696 842 2765 omnia,
863 2695 948 2751 salvis
967 2695 1062 2770 populi
1083 2693 1210 2750 Romani

175 2783 211 2837 30
228 2776 323 2845 sociis,
338 2785 423 2847 atque
444 2774 562 2850 integris
582 2773 780 2848 vectigalibus,
801 2792 864 2830 esse
884 2783 973 2848 gesta.
1015 2772 1092 2829 Satis
1111 2771 1210 2846 opinor

227 2854 283 2910 hoc
303 2871 366 2909 esse
386 2852 495 2921 laudis3
517 2861 602 2924 atque
622 2851 672 2919 ita,
685 2851 827 2920 Quirites,
842 2860 873 2907 ut
893 2852 948 2908 hoc
965 2869 1014 2908 vos
1034 2849 1210 2925 intelligatis,

229 2930 337 2987 anullo
351 2930 478 3000 istorum,
492 2930 541 3005 qni
556 2929 623 2986 huic
636 2930 797 2986 obtrectant
810 2928 868 3004 legi
882 2938 967 3003 atque
985 2946 1091 2999 causa,
1105 2927 1138 2985 L.
1154 2927 1211 2984 Lu·

228 3008 337 3066 cullum
351 3007 481 3065 similiter
495 3027 531 3065 ex
543 3009 598 3064 hoc
612 3007 676 3064 loco
689 3026 752 3064 esse
766 3006 922 3065 laudatum.
1274 3066 1284 3073 ,

268 3086 323 3143 ΙΧ.
357 3085 534 3159 Requiretur
555 3085 672 3142 fortasse
692 3103 780 3155 nunc,
795 3084 1045 3158 quemadmodum,
1059 3080 1128 3141 cum
1148 3082 1212 3140 haeo

176 3171 212 3226 35
229 3165 270 3222 ita
289 3165 355 3234 sint,
370 3164 511 3239 reliquum
529 3163 617 3239 possit
637 3183 700 3221 esse
719 3181 856 3239 magnum
869 3161 985 3219 bellum.
1027 3160 1211 3237 cognoscite,

227 3243 377 3305 Quirites:
398 3262 455 3300 non
469 3243 547 3300 enim
561 3242 616 3299 hoo
629 3242 692 3299 sine
702 3241 794 3301 ,causi
808 3240 896 3315 quaeri
910 3241 1030 3297 videtur.
1071 3237 1211 3309 Primdm,

229 3342 266 3379 ex
285 3341 337 3379 suo
356 3340 446 3397 regno
466 3320 509 3378 sic
534 3319 717 3377 Mithridates
738 3318 872 3395 prolirgit,
893 3328 925 3375 ut
944 3337 981 3375 ex
999 3317 1101 3375 eodem
1120 3316 1213 3373 Ponto

229 3400 337 3458 Medea
356 3401 406 3457 illa
425 3399 568 3474 quondam
587 3398 745 3474 profugisse
758 3397 879 3466 dicitur3
901 3414 987 3470 quam
1000 3395 1166 3471 praedicant,
1181 3393 1212 3450 in

230 3479 309 3555 fugb,
323 3478 418 3535 fratris
438 3478 482 3535 sui
502 3477 631 3535 membra
644 3476 674 3537 in
688 3476 724 3533 iis
737 3475 818 3545 lociS,
833 3474 889 3550 qud
903 3494 934 3530 se
947 3493 1050 3549 parens
1062 3489 1214 3547 perseque-

179 3559 214 3614 40
231 3568 318 3627 retur,
339 3557 529 3631 dissipavisse,
549 3565 581 3612 ut
607 3573 705 3613 eorum
732 3553 863 3612 collectio
890 3552 1026 3627 dispersa,
1053 3567 1214 3623 moerorque

230 3635 349 3712 patrius,
364 3635 538 3692 celeritatem
551 3633 740 3710 persequendi
754 3632 919 3689 retardaret.
954 3630 1006 3687 Sic
1019 3627 1213 3697 Mithridates,

233 3714 355 3790 lugiens,
370 3713 523 3769 maximam
533 3712 590 3769 vim
602 3712 664 3769 auri
675 3722 759 3785 atque
771 3709 891 3785 argenti,
901 3707 1214 3784 pulcherrimarumque

232 3810 328 3851 rerum
341 3791 479 3860 omniurn,
493 3808 564 3863 quas
584 3799 613 3847 et
633 3808 651 3847 a
670 3789 824 3864 majoribus
838 3795 998 3862 acceperat,
1012 3795 1042 3842 et
1055 3783 1125 3859 ipse,
1139 3782 1216 3840 bello

233 3869 378 3946 superiore
391 3887 427 3924 ex
440 3868 499 3924 tota
512 3866 586 3924 Asia
600 3867 733 3942 direptas,
744 3866 775 3922 in
788 3884 872 3921 suum
886 3881 1007 3939 regnum
1021 3869 1215 3938 congesserat,

181 3953 216 4006 45
232 3950 263 4007 in
277 3948 368 4005 Ponto
380 3963 494 4002 omnem
508 3945 630 4020 reliquit.
674 3944 748 3999 Haec
768 3943 836 3997 dum
856 3941 945 3999 nostri
966 3940 1105 4015 colligunt
1118 3937 1217 3996 omnia
