2658 4468
338 314 476 400 ossum
497 350 569 400 rao
588 351 620 401 u.
642 351 757 403 anuto
778 350 928 401 mooun.
1120 353 1178 413 ιω

137 496 352 556 assensionibus
365 494 492 552 universi
506 494 631 552 ordinis!
653 493 738 570 quim
763 514 819 552 nec
840 494 947 566 tacitis,
962 514 1018 552 nec
1031 494 1129 552 occul·

137 579 195 634 tis!
237 574 364 636 Quando
377 574 465 645 enim,
480 574 709 648 frequentissimo
729 584 841 644 senatu,
855 583 987 649 quatuor,
1003 575 1040 630 ad
1053 593 1129 650 sum·

138 674 220 712 mum
234 654 368 728 quinque,
383 663 450 709 sunt
464 653 582 721 inventi,
604 653 653 727 qui
677 652 793 710 Milonis
815 672 933 710 causam
957 672 1015 711 nou
1028 653 1128 728 proba·

140 735 224 792 rentf
265 732 422 788 Declarant
436 731 521 806 hujus
535 730 658 788 ambusti
668 731 777 789 tribuni
789 732 881 807 plebis
905 731 961 789 illae
979 730 1128 790 intermor-

139 824 196 869 tuae
219 812 382 880 conciones,
410 809 515 883 quibus
541 810 667 883 quotidie
688 829 782 867 meam
802 811 959 886 potentiam
986 808 1126 868 invidiose
1158 815 1177 867 5

138 890 356 958 criminabatur,
372 887 440 945 ciuu
454 889 573 958 diceret,
594 899 736 958 senatum,
750 909 808 946 non
829 890 904 962 quod
928 889 1056 959 sentiret,
1077 889 1128 946 sed

137 971 214 1045 quod
236 988 291 1044 ego
312 968 424 1037 vellem,
446 967 610 1024 decernere.
651 967 728 1028 Quae
750 967 866 1041 quidem
890 967 914 1023 si
937 967 1064 1043 potentia
1085 978 1129 1025 est

139 1048 310 1124 appellanda
336 1044 440 1120 potiris,
467 1044 564 1119 quam,
591 1056 703 1120 propter
731 1064 838 1122 magna
864 1045 894 1102 in
921 1045 1128 1120 rempublicam

137 1127 252 1196 merita,
267 1120 420 1180 mediocris
434 1125 463 1180 in
478 1124 560 1181 bonis
574 1123 670 1180 causis
691 1123 856 1195 auctoritas,
872 1133 931 1193 aut,
945 1134 1056 1199 propter
1077 1125 1128 1182 hos

137 1205 283 1263 officiosos
296 1203 408 1259 labores
422 1221 510 1271 meos,
524 1201 660 1259 nonnulla
680 1203 754 1277 apud
777 1203 865 1259 bonos
879 1203 971 1278 gratia
979 1222 987 1272 ;
1009 1202 1129 1278 appelle·
1143 1203 1177 1256 10

137 1294 185 1340 tur
207 1283 247 1339 ita
267 1278 348 1352 sane,
373 1281 527 1338 dummodo
548 1282 582 1338 ed
597 1300 649 1339 uos
668 1296 783 1338 utamur
802 1300 854 1357 pro
874 1281 966 1338 salute
989 1282 1128 1339 bonorum

138 1372 241 1420 contra
255 1359 410 1417 amentiam
431 1360 615 1435 perditorum.

179 1442 267 1497 Hunc
281 1436 348 1496 verb
364 1438 560 1512 questionem,
575 1438 629 1495 etsi
643 1448 766 1495 non-est
789 1437 897 1513 iniqua,
919 1458 1067 1513 nunquam
1087 1448 1129 1496 ta·

138 1539 206 1577 men
234 1529 351 1576 senatus
379 1517 610 1574 constituendam
637 1517 754 1592 putavit.
809 1517 901 1574 Erant
927 1518 1005 1575 enim
1038 1518 1127 1593 leges,

139 1608 223 1656 eraut
236 1597 418 1672 questiones,
432 1596 476 1653 vel
492 1596 528 1652 de
543 1596 632 1665 caede,
648 1596 691 1652 vel
713 1595 749 1652 de
763 1595 807 1652 vi:
829 1616 883 1653 nec
903 1605 1015 1653 tantum
1029 1614 1129 1653 moero·
1142 1593 1177 1646 15

140 1675 202 1734 rem
224 1696 259 1734 ac
278 1676 388 1732 luctum
408 1674 522 1731 senatui
544 1693 618 1731 mors
639 1674 670 1730 P.
694 1673 789 1731 Clodii
821 1674 967 1746 afferebat,
994 1685 1026 1730 ut
1055 1693 1130 1732 nova

140 1755 259 1829 quaestio
279 1753 508 1812 constitueretur.
551 1752 642 1829 Cujus
662 1751 740 1810 enirn
767 1753 803 1810 de
823 1753 872 1809 illo
892 1752 1003 1810 incesto
1022 1763 1128 1829 stupro,

148 1834 290 1908 judicium
302 1833 478 1890 decernendi
500 1831 613 1888 senatui
634 1840 760 1907 potestas
783 1841 858 1888 esset
881 1841 995 1907 erepta;
1017 1832 1053 1890 de
1067 1831 1130 1907 ejus

144 1911 272 1982 interitu,
283 1913 346 1988 quis
359 1920 451 1986 potest
464 1911 594 1980 credere,
618 1919 749 1967 senatum
768 1909 911 1985 judicium
934 1930 1037 1968 novum
1062 1930 1130 1968 con-

145 1989 319 2047 stituendum
331 1989 465 2064 putasset
506 1990 568 2047 Cur
582 1988 669 2066 igitur
693 1989 859 2046 incendium
874 1989 972 2061 curiae,
985 2009 1129 2066 oppugna·
1141 1995 1178 2050 20

146 2067 254 2125 tionem
268 2067 370 2125 aedium
384 2066 425 2125 M.
448 2067 561 2142 Lepidi,
576 2069 687 2125 caedem
710 2068 786 2125 banc
808 2067 909 2143 ipsam,
933 2079 1034 2126 contra
1057 2088 1130 2126 rem-

144 2146 291 2222 publicam
310 2154 425 2202 senatus
445 2145 552 2204 factam
572 2166 635 2204 esse
655 2147 802 2204 decrevitl
828 2147 896 2221 quia
916 2148 996 2205 nulla
1016 2147 1058 2204 vis
1078 2166 1130 2204 un·

143 2243 231 2299 quam
245 2234 289 2281 est
308 2222 338 2280 in
360 2223 452 2280 liberis
472 2225 587 2282 civitate
607 2235 741 2301 suscepta
761 2225 835 2283 inter
850 2225 938 2297 cives,
951 2246 1009 2283 non
1029 2235 1130 2283 contra

143 2303 360 2379 rempublicam.
401 2301 469 2360 Non
489 2303 566 2360 euim
585 2315 629 2362 est
648 2304 698 2362 illa
718 2305 848 2363 defensio
867 2314 968 2361 contra
994 2303 1051 2359 vim
1078 2321 1130 2361 un-

143 2401 230 2457 quam
250 2382 390 2458 optanda;
419 2382 471 2438 sed
490 2402 693 2458 nonnunquam
713 2393 757 2441 est
776 2382 957 2440 necessaria:
985 2381 1041 2438 nisi
1060 2379 1128 2439 verd
1142 2384 1179 2438 25

144 2471 194 2518 aut
214 2461 263 2519 ille
283 2461 355 2531 dies,
386 2459 417 2517 in
437 2478 493 2534 quo
513 2461 559 2519 Ti.
580 2462 733 2519 Gracchus
753 2470 798 2519 est
817 2480 918 2531 casus,
944 2470 993 2516 aut
1006 2459 1053 2516 ille
1074 2479 1130 2534 quo

144 2540 244 2610 Caius,
260 2549 310 2597 aut
329 2558 385 2614 quo
406 2557 485 2596 arma
506 2540 655 2598 Saturnini
673 2559 808 2616 oppressa
828 2549 904 2610 sunt,
925 2537 1067 2597 etiamsie
1087 2559 1131 2596 re·

142 2618 269 2695 publiea,
284 2618 490 2694 rempublicam
504 2628 600 2677 tamen
620 2639 678 2678 nou
693 2619 887 2677 vulnerarunt.

183 2697 235 2754 VI.
269 2696 372 2771 Itaque
393 2714 448 2772 ego
468 2697 529 2772 ipse
551 2698 676 2769 decrevi,
691 2696 759 2755 crim
781 2698 890 2755 caedem
912 2695 942 2754 in
956 2696 1052 2773 Appia
1072 2697 1131 2755 fac·

142 2785 201 2832 tam
215 2795 277 2833 esse
291 2784 444 2845 constaret,
458 2795 516 2833 non
531 2795 608 2847 eum,
623 2777 672 2852 qui
686 2795 717 2834 se
737 2776 921 2847 defendisset,
936 2787 1035 2834 contra
1057 2795 1130 2834 rem·
1143 2775 1179 2830 30

140 2855 285 2930 publicam
300 2855 420 2924 fecisse3
442 2853 504 2925 sed,
518 2852 588 2912 crim
602 2855 709 2913 inesset
730 2855 761 2912 iu
782 2875 813 2912 re
833 2856 875 2912 vis
889 2865 918 2913 et
932 2855 1053 2926 insidiae,
1075 2856 1130 2913 ori·

43 2962 47 2968 ·
141 2948 207 2989 men
226 2932 336 3008 judicio
359 2933 519 3003 reservavi;
541 2953 603 2991 rem
626 2934 731 2992 notavi.
771 2932 863 2995 Qudd
877 2935 911 3005 si,
924 2953 975 3010 per
991 2935 1130 2991 furiosum

141 3011 222 3068 illum
236 3011 392 3081 tribunum,
415 3012 539 3082 senatui,
562 3015 637 3086 quod
659 3014 809 3084 sentiebat,
833 3013 970 3088 perficere
990 3013 1129 3082 licuisset,

141 3109 245 3146 novam
266 3091 453 3165 questionem
473 3110 553 3148 nunc
579 3093 688 3149 nullam
715 3092 894 3149 haberemus.
946 3090 1130 3148 Decernebat

141 3169 230 3238 enim,
258 3181 299 3239 ut,
327 3168 472 3226 veteribus
501 3168 623 3245 legibus,
652 3170 850 3226 tantummodo
879 3180 960 3226 extra
988 3170 1129 3237 ordinem,
1143 3165 1179 3220 35

141 3257 324 3320 quareretur.
379 3246 481 3304 Divisa
506 3250 649 3306 sententia
669 3257 722 3317 est,
748 3248 909 3322 postulante
937 3248 1036 3325 nescio
1056 3266 1129 3320 quo:

141 3325 213 3381 nihil
234 3327 312 3383 enim
332 3344 452 3383 necesse
473 3334 525 3396 est,
546 3327 675 3385 omnium
695 3344 742 3383 me
763 3325 873 3401 flagitia
891 3326 1026 3401 proferre.
1079 3324 1131 3381 Sic

141 3403 252 3478 reliqua
265 3403 420 3461 auctoritas
433 3406 559 3476 senatdS,
573 3404 669 3480 emptd
683 3403 898 3473 intercessione,
913 3403 1025 3459 sublata
1038 3411 1089 3459 est.

183 3484 223 3539 At
236 3483 312 3540 enim
328 3482 383 3539 Cn.
398 3481 560 3558 Pompeius,
574 3484 723 3560 rogatione
737 3482 789 3539 sud
804 3492 833 3539 et
847 3482 882 3538 de
903 3501 934 3539 re
948 3482 1027 3538 etde
1041 3479 1131 3538 causa

146 3560 303 3636 judicavit:
323 3560 389 3618 tulit
402 3560 480 3619 enim
494 3562 530 3620 de
545 3564 634 3632 caede,
649 3581 712 3636 quae
728 3562 757 3618 in
772 3559 868 3635 Appia
882 3560 928 3617 vis
947 3559 1024 3617 facta
1044 3569 1129 3630 esset,
1144 3557 1179 3612 40

141 3640 171 3696 in
186 3640 243 3714 qud
263 3639 295 3696 P.
310 3640 431 3697 Clodius
453 3641 568 3697 occisus
589 3641 650 3697 fuit.
692 3639 775 3701 Quid
800 3658 868 3714 ergo
888 3638 975 3696 tulitt
1015 3639 1130 3714 Nempe
1229 3652 1235 3657 “

141 3729 173 3775 ut
186 3728 368 3793 quareretur.
409 3717 492 3779 Quid
508 3739 591 3794 porro
610 3719 796 3793 quaerendum
818 3718 883 3775 estl
905 3717 1051 3777 factumne
1072 3718 1128 3776 sitf

142 3807 171 3853 at
191 3806 319 3854 constat:
342 3798 454 3871 aquol
482 3808 511 3855 at
530 3808 616 3873 patet.
658 3797 750 3867 Vidit,
778 3797 865 3853 etiam
893 3797 923 3856 in
950 3798 1129 3856 confessione

141 3875 222 3948 facti,
247 3875 320 3952 juris
347 3885 445 3933 tamen
471 3876 668 3960 defensionem
695 3875 801 3952 suscipi
821 3896 911 3952 posse.
960 3877 1131 3941 Quodnisi
