2702 4464
165 388 208 449 92
440 386 578 438 ORATIO
599 387 671 438 PRO
691 386 832 438 ARCHIA
854 386 981 437 POETA.

215 529 340 606 premiis
360 529 520 588 dondrunt:
544 539 575 588 et
594 548 704 602 omnes,
723 529 773 605 qui
794 530 902 605 aliquid
923 531 961 589 de
983 527 1108 607 ingeniis
1128 538 1212 606 pote·

216 618 282 666 rant
292 607 433 683 judicare,
448 609 613 685 cognitione
627 620 713 685 atque
726 609 848 685 bospitio
861 608 982 698 dignum
995 608 1208 666 existimirunt.
1301 605 1307 614 '

256 686 324 743 Hac
345 686 425 743 tanti
445 687 612 746 celebritate
626 687 710 745 samar
723 686 792 746 crim
805 697 882 745 esset
896 706 957 763 Jam
976 687 1143 744 absentibus
1157 705 1209 744 no·

216 774 272 835 tus,
295 764 420 822 Romam
443 765 531 837 venit,
555 765 651 824 Murio
673 764 791 824 consule
813 775 844 823 et
867 765 980 823 Catulo.
1020 764 1136 822 Nactus
1162 774 1209 821 est

182 856 201 911 5
216 839 341 918 primum
355 843 488 902 consules
506 864 565 916 cos,
578 862 699 920 quorum
715 843 787 901 alter
804 862 851 901 res
867 843 904 900 ad
918 843 1102 901 scribendum
1116 843 1209 900 maxi·

217 940 289 992 mas,
309 921 381 980 alter
397 919 465 980 edm
481 942 528 981 res
544 933 650 1000 gestas,
668 932 730 979 tum
749 921 837 979 etiam
857 922 984 979 studium
1005 932 1089 997 atque
1109 938 1206 992 aures,

217 1000 355 1060 adbibere
380 1011 482 1077 posset
523 1001 629 1059 Statim
658 1000 785 1071 Luculli,
812 998 882 1058 cirm
906 1009 1089 1077 pretextatus
1115 1000 1207 1057 etiam

216 1088 279 1136 tum
305 1080 432 1137 Archias
456 1089 542 1151 emet,
569 1098 636 1137 eum
662 1079 779 1138 domum
811 1097 895 1136 suam
924 1086 1102 1155 receperunt
1144 1078 1206 1135 Sed

216 1157 306 1215 etiem
332 1159 388 1216 boc
412 1177 470 1216 non
493 1156 587 1216 solbm
613 1157 723 1234 ingenii
750 1175 786 1216 ac
811 1158 970 1229 literarum,
994 1155 1093 1214 verbm
1115 1157 1206 1213 etiam

166 1246 201 1299 10
217 1246 327 1293 naturae
347 1246 433 1310 atque
453 1236 574 1307 virtutis,
597 1234 689 1317 [suit]
714 1244 747 1293 ut
769 1236 880 1307 domus,
901 1254 965 1309 qnae
987 1234 1072 1310 hujus
1096 1234 1207 1292 udoles·

217 1313 321 1372 centias
344 1315 437 1391 prima
462 1314 558 1386 fuerit,
581 1316 684 1372 eadem
704 1323 781 1372 esset
802 1314 1025 1371 familiarissima
1051 1313 1199 1370 senectuti.

217 1391 289 1449 Erat
307 1392 482 1468 temporibus
502 1393 558 1449 illis
575 1393 722 1469 jucundus
741 1391 782 1454 Q.
797 1391 917 1450 Metello
930 1392 972 1450 illi
992 1391 1159 1461 Numidico,
1175 1400 1205 1448 et

216 1470 279 1546 ejus
301 1470 354 1528 Pio
374 1469 449 1529 filio:
471 1471 642 1529 audiebatur
666 1489 684 1529 a
704 1470 746 1530 M.
769 1470 908 1529 AEmilio:
936 1470 1050 1528 vivebat
1073 1487 1141 1526 cum
1160 1468 1204 1530 Q·

217 1549 332 1620 Catulo,
346 1558 377 1606 et
397 1559 487 1624 patre,
507 1559 537 1607 et
557 1549 635 1607 filio:
657 1568 674 1606 a
691 1550 725 1608 L.
745 1549 851 1607 Crasso
872 1548 1037 1607 colebatur:
1066 1547 1206 1605 Lucullos

166 1628 200 1684 15
217 1626 295 1698 verb,
309 1638 338 1685 et
356 1627 493 1699 Drusum,
507 1637 537 1685 et
553 1627 701 1698 Octavios,
715 1637 745 1686 et
764 1628 915 1699 Catonem,
929 1636 959 1685 et
977 1636 1066 1684 totam
1080 1625 1206 1683 Horten·

217 1706 323 1764 riorum
346 1707 463 1763 domum
489 1706 653 1764 devinctam
679 1706 887 1764 consuetudine
910 1702 978 1765 clun
1000 1714 1120 1776 teneret,
1145 1704 1206 1761 affi-

159 1844 164 1859 ,
217 1785 347 1843 ciebatur
361 1803 473 1842 summo
485 1786 609 1856 honore3
630 1781 708 1859 qubd
727 1804 794 1843 eum
814 1804 872 1842 non
891 1782 983 1842 solium
998 1784 1140 1854 colebant,
1154 1782 1205 1858 qui

217 1862 326 1938 aliquid
348 1863 496 1939 percipere
519 1875 604 1940 atque
626 1864 727 1922 andire
750 1864 913 1933 studebant,
935 1860 1035 1920 verbm
1059 1862 1157 1933 etiam,
1179 1861 1205 1919 si

217 1941 265 2016 qui
280 1940 351 1999 forte
366 1941 547 2000 simulabant

164 2028 200 2082 20
256 2019 309 2078 IV.
343 2019 475 2091 Interim,
497 2020 567 2079 satis
590 2020 676 2098 longo
699 2020 857 2091 intervallo,
879 2017 948 2078 crim
974 2029 1051 2078 esset
1076 2037 1145 2076 cum
1168 2018 1204 2077 L.

216 2098 340 2157 Lucullo
360 2099 390 2156 in
412 2099 543 2157 Siciliam
560 2099 715 2176 proiectus,
729 2109 759 2157 et
772 2097 841 2158 cirin
855 2119 891 2156 er
911 2099 946 2156 eii
966 2097 1115 2175 provincii
1136 2116 1206 2155 cum

216 2177 317 2235 eodem
353 2176 476 2235 Lucullo
502 2178 665 2250 decederet,
692 2179 771 2236 venit
805 2177 989 2235 Heracleam.
1030 2175 1108 2238 Quae
1135 2174 1205 2233 clim

217 2267 293 2314 esset
315 2256 417 2314 civitas
440 2257 602 2332 equissimo
621 2257 686 2333 jure
709 2276 744 2315 ac
767 2256 884 2327 foedere,
900 2255 1025 2313 adscribi
1041 2275 1072 2312 se
1089 2255 1119 2312 in
1138 2273 1205 2323 eam

216 2334 363 2393 civitatem
378 2335 490 2393 voluit:
505 2336 601 2411 idque,
616 2333 684 2393 cirin
708 2335 769 2412 ipse
790 2355 842 2411 per
863 2355 894 2393 se
917 2334 1023 2411 dignus
1044 2343 1203 2410 putaretur,

163 2422 200 2476 25
216 2423 277 2471 tum
301 2414 471 2472 auctoritate
489 2423 518 2472 et
539 2413 633 2490 gratid
655 2413 781 2485 Luculli,
796 2414 832 2470 ab
851 2413 1097 2471 Heracleensibus
1116 2412 1205 2488 impe-

215 2493 309 2550 travit
350 2492 428 2550 Data
448 2502 492 2551 est
509 2492 611 2551 civitas
634 2492 745 2550 Silvani
764 2491 829 2568 lege
851 2503 880 2550 et
900 2491 1052 2561 Carbonis,
1071 2496 1090 2524 “
1101 2509 1128 2548 s1
1148 2508 1204 2553 cnr

216 2590 398 2629 smnnaarrs
416 2589 610 2630 cmrsrrnus
629 2589 789 2628 snscurr‘rr
811 2588 977 2640 rurssnrm
998 2588 1027 2628 sr
1046 2587 1123 2640 rou,
1138 2587 1204 2627 cunr

216 2668 276 2706 nex
292 2668 486 2719 suassaius,
501 2668 535 2707 m
550 2668 655 2706 trama
669 2667 858 2707 nourcrnruu
872 2666 1086 2717 uanursssnr3
1107 2666 1158 2718 nr,
1173 2665 1203 2705 sr

216 2746 389 2784 suracusas
423 2747 535 2786 nrnaus
562 2747 643 2786 arun
677 2746 852 2785 sumnonem
882 2745 1000 2786 esserra
1028 2726 1202 2784 naornss1.'’

163 2809 200 2865 30
216 2803 294 2863 Crim
316 2805 365 2863 hic
386 2805 564 2863 domicilium
582 2806 685 2864 Romae
705 2806 810 2864 multos
821 2807 882 2882 jem
896 2825 985 2863 annos
998 2805 1128 2876 haberet,
1140 2824 1203 2880 pro·

217 2884 308 2942 lessus
331 2893 375 2941 est
402 2883 477 2960 apud
502 2893 662 2960 praetorem,
688 2884 729 2947 Q.
758 2884 921 2954 Metellum,
948 2883 1203 2942 familiarissimum

216 2981 309 3020 suurn.

256 3041 289 3098 Si
307 3039 379 3098 nihil
394 3039 482 3111 aliud,
496 3039 553 3097 nisi
574 3041 611 3099 de
633 3041 750 3100 civitate
764 3060 800 3100 ac
812 3041 887 3119 lege,
902 3041 1036 3112 dicimus,
1050 3041 1122 3099 nihil
1136 3040 1204 3098 dico

217 3119 355 3195 ampliirs:
377 3137 466 3176 causa
478 3120 557 3176 dicta
570 3129 630 3177 est:
651 3120 719 3195 quid
733 3121 811 3177 enim
825 3121 926 3178 horum
946 3119 1095 3192 infirmari,
1108 3119 1203 3190 Grati,

163 3208 200 3262 35
215 3200 327 3275 potestl
361 3196 551 3256 Heracleaene
574 3218 638 3256 esse
660 3208 722 3255 tum
745 3199 919 3275 adscriptum
940 3198 1082 3274 negabisl
1109 3197 1204 3255 Adest

217 3278 258 3335 vir
277 3276 390 3334 summi
411 3276 590 3349 auctoritate,
604 3287 634 3335 et
646 3277 794 3354 religione,
809 3288 838 3335 et
852 3277 918 3348 fide,
934 3276 974 3333 M.
990 3276 1139 3347 Lucullus,
1153 3276 1203 3351 qui

216 3375 247 3412 se
266 3375 324 3413 non
343 3355 464 3432 opinari,
485 3355 537 3412 sed
559 3356 653 3425 scire;
674 3375 732 3414 non
753 3356 906 3426 audivisse,
926 3355 977 3412 sed
1000 3355 1123 3424 vidisse;
1144 3374 1202 3412 non

216 3433 388 3503 interfuisse,
411 3435 462 3491 sed
483 3434 587 3511 egisse,
609 3434 689 3492 dicit.
730 3434 846 3492 Adsunt
869 3433 1081 3492 Heracleenses
1103 3433 1202 3509 legati,

216 3513 385 3571 nobilissimi
407 3513 547 3584 homines,
563 3511 663 3590 (hujus
678 3513 781 3589 judicii
802 3513 902 3583 causi,
917 3530 984 3570 cum
1006 3511 1159 3581 mandatis,
1174 3522 1203 3568 et

163 3598 200 3653 to
217 3609 283 3648 cum
306 3590 422 3666 publico
444 3591 617 3663 testimonio,
640 3592 795 3671 venerunt)
818 3592 869 3667 qui
892 3592 971 3649 hunc
997 3589 1200 3670 [adscriptum]

216 3668 443 3728 Heracleensem
457 3671 566 3728 dicunt.

256 3746 316 3805 Hic
333 3758 364 3805 tu
383 3747 496 3805 tabulas
515 3747 661 3807 desideras
683 3747 925 3807 Heracleensium
945 3747 1094 3824 publicas;
1121 3764 1202 3822 quas.

216 3823 320 3886 Italico
333 3826 417 3899 bello,
432 3825 551 3886 incenso
568 3826 719 3894 tabulario,
734 3826 866 3886 interisse
879 3826 988 3886 scimus
1000 3844 1109 3886 omnes.
1150 3823 1203 3882 Est
