2702 4464
152 344 193 402 44
407 341 543 392 ORATIO
564 341 634 391 PRO
656 341 754 391 LEGE
775 340 943 390 maurum.

204 483 324 541 virtute:
352 484 438 560 hujus
458 494 555 542 autem
574 485 710 543 orationis
730 483 876 542 difficilius
903 494 947 541 est
973 483 1081 541 exitum
1102 502 1188 560 quam

204 562 375 638 principium
396 563 541 620 invenire:
563 563 603 620 ita
622 564 694 621 mihi
713 583 770 621 non
791 577 850 619 tam
871 563 963 639 copia,
981 562 1068 637 quim
1088 564 1189 620 modus

205 642 235 698 in
249 640 373 698 dicendo
386 641 556 717 quaerendus
569 651 621 698 est.

244 718 285 776 ΙΙ.
327 719 433 794 Atque,
454 729 486 776 ut
507 720 574 777 inde
593 720 684 778 oratio
710 738 775 777 mea
800 719 1007 795 proficiscatur,
1028 720 1105 776 unde
1125 721 1189 778 haec

169 799 187 851 5
204 798 297 855 omnis
317 816 406 854 causa
425 797 556 868 ducitur;
586 798 693 855 bellum
713 816 799 874 grave
825 807 855 855 et
876 798 1068 873 periculosum
1088 799 1189 855 vestris

204 876 393 952 vectigalibus
414 886 498 951 atque
518 877 604 934 sociis
625 895 642 933 a
662 876 773 934 duobus
791 876 996 951 potentissimis
1015 875 1132 951 regibus
1146 877 1189 933 in-

205 954 302 1024 fertur,
326 953 494 1011 Mithridate
514 966 544 1012 et
563 954 711 1030 Tigrane3
736 972 857 1029 quorum
878 954 948 1010 aiter
968 954 1096 1024 relictus,
1118 954 1188 1012 alter

204 1032 364 1103 lacessitus,
378 1032 561 1090 occasionem
582 1032 646 1102 sibi,
663 1034 699 1089 ad
718 1033 917 1108 occupandam
937 1032 1049 1102 Asiam,
1064 1033 1189 1090 oblatam

205 1130 268 1166 esse
283 1111 443 1168 arbitratur.
485 1111 638 1185 Equitibus
648 1110 799 1177 Romanis,
810 1110 1017 1168 honestissimis
1031 1111 1108 1180 viris,
1124 1111 1189 1168 affe·

154 1193 187 1245 10
204 1200 304 1246 ruutur
318 1208 354 1246 ex
367 1190 439 1246 Asia
459 1189 585 1263 quotidie
605 1189 704 1258 literae,
718 1205 838 1263 quorum
856 1207 968 1264 magne
988 1208 1034 1246 res
1055 1200 1188 1265 aguntur,

205 1267 235 1324 iu
250 1268 349 1323 vestris
363 1268 551 1343 vectigalibus
570 1267 738 1323 exercendis
757 1277 920 1341 occupatae;
942 1267 991 1341 qui
1012 1267 1048 1323 ad
1068 1285 1125 1336 me,
1139 1287 1189 1343 pro

205 1345 418 1402 necessitudine
431 1364 494 1420 quae
508 1345 579 1401 mihi
593 1355 637 1401 est
650 1363 717 1401 cum
731 1345 780 1402 illo
792 1344 902 1414 ordine,
917 1363 1035 1400 causam
1056 1345 1189 1419 reipubli-

205 1442 247 1479 cae
273 1423 457 1498 periculaque
484 1441 579 1480 rerum
606 1441 722 1478 suarum
749 1423 931 1479 detulerunt:
952 1422 1105 1497 Bithyniae,
1125 1442 1188 1497 quae

204 1520 283 1558 nunc
297 1511 390 1558 vestra
402 1501 549 1575 provincia
562 1511 615 1570 est,
629 1501 708 1556 vicos
723 1510 838 1558 exustos
851 1519 914 1557 esse
928 1500 1105 1575 complures:
1127 1520 1189 1577 reg·

154 1585 187 1638 15
205 1598 274 1635 num
295 1579 511 1649 Ariobarzanis,
532 1580 607 1653 quod
634 1578 786 1635 finitimum
806 1587 850 1635 est
869 1578 970 1635 vestris
989 1578 1188 1654 vectigalibus,
1276 1588 1281 1599 ’

205 1666 295 1714 toturn
316 1676 379 1713 esse
400 1658 429 1713 iu
451 1658 574 1714 hostium
599 1667 756 1732 potestate3
784 1656 949 1726 Lucullum,
970 1657 1083 1732 magnis
1102 1658 1189 1715 rebus

204 1735 302 1811 gestis,
318 1735 354 1792 ab
374 1755 409 1792 eo
429 1735 503 1792 bello
520 1736 687 1803 discedere3
709 1735 777 1791 huic
790 1734 839 1809 qui
853 1734 1034 1804 successerit,
1048 1754 1106 1792 non
1120 1736 1189 1791 satis

149 1860 153 1867 ,
205 1833 267 1870 esse
287 1824 417 1888 paratum
439 1815 474 1869 ad
495 1823 606 1870 tantum
627 1813 732 1869 bellum
754 1813 1026 1882 administrandum
1048 1832 1137 1869 unum
1153 1814 1189 1869 ab

204 1891 337 1949 omnibus
357 1892 442 1949 sociis
462 1903 492 1948 et
505 1891 616 1948 civibus
637 1892 673 1948 ad
692 1891 721 1947 id
739 1891 846 1947 bellum
860 1891 1059 1966 imperatorem
1073 1891 1188 1966 deposci

151 1982 187 2035 20
206 1979 290 2044 atque
300 1971 412 2045 expeti3
433 1970 558 2027 eundem
569 1970 646 2026 hunc
657 1988 746 2026 unum
757 1969 793 2026 ab
804 1969 932 2026 hostibus
941 1969 1041 2039 metui,
1052 1980 1189 2044 praeterea
1249 2014 1254 2023 .

204 2066 358 2105 nemmem.

244 2125 342 2182 Causa
361 2145 424 2200 quae
444 2125 491 2190 sit.
505 2125 625 2182 videtis:
646 2143 735 2195 nunc,
749 2125 818 2199 quid
839 2126 982 2201 agendum
1000 2125 1046 2196 sit,
1061 2126 1190 2182 conside-

204 2214 274 2263 rate.
316 2203 445 2261 Primum
458 2203 529 2261 mihi
543 2204 655 2261 videtur
668 2204 705 2260 de
718 2223 823 2280 genere
837 2203 915 2274 belli,
930 2203 1034 2260 deinde
1055 2204 1091 2260 de
1111 2222 1188 2280 mag-

204 2282 345 2353 nitudine,
360 2293 422 2340 tum
442 2283 478 2340 de
492 2283 661 2358 imperatore
675 2282 837 2358 deligendo,
852 2301 915 2339 esse
929 2282 1092 2339 dicendum.
1133 2283 1190 2338 Ge·
1223 2320 1225 2322 -

151 2368 187 2422 25
205 2380 259 2417 nus
273 2369 316 2417 est
329 2361 397 2418 belli
411 2360 560 2436 ejusmodi,
574 2362 650 2436 quod
664 2360 787 2418 maxime
806 2370 913 2417 vestros
934 2360 1043 2417 animos
1063 2360 1189 2417 excitare

206 2450 290 2513 atque
311 2439 488 2496 inflammare
509 2440 545 2496 ad
572 2439 698 2495 studium
720 2439 909 2514 persequendi
929 2439 1041 2495 debeat.
1083 2439 1189 2514 Agitur

204 2517 282 2575 euim
296 2518 391 2593 populi
405 2517 532 2574 Romani
545 2517 645 2593 gloria,
656 2536 719 2592 quae
731 2517 809 2574 vobis
824 2536 841 2573 a
854 2516 1018 2591 majoribus
1030 2514 1098 2573 crim
1111 2536 1190 2591 mag·

204 2615 243 2652 na
256 2596 286 2652 in
300 2596 386 2652 rebus
399 2596 541 2666 omnibus,
556 2606 618 2652 tum
638 2614 750 2652 summa
769 2595 799 2652 in
819 2614 851 2652 re
869 2595 995 2664 militari,
1010 2595 1115 2651 tradita
1128 2605 1188 2650 est:

206 2674 299 2748 agitur
313 2673 390 2729 salus
404 2674 546 2731 sociorum
558 2684 642 2748 atque
657 2674 823 2742 amicorum,
834 2692 884 2748 pro
893 2673 951 2746 quii
964 2673 1054 2729 multa
1067 2672 1189 2746 majores

151 2756 188 2810 30
205 2751 290 2807 vestri
310 2769 416 2826 magna
435 2760 464 2807 et
484 2751 583 2826 gravia
603 2751 677 2807 bella
697 2762 864 2827 gesserunt:
887 2761 1009 2826 aguntur
1030 2750 1189 2807 certissima

204 2829 299 2903 populi
313 2828 440 2887 Romani
454 2828 607 2903 vectigalia
620 2838 648 2885 et
662 2829 804 2897 maxima;
824 2828 929 2903 quibus
940 2829 1060 2898 amissis,
1071 2839 1100 2884 et
1109 2828 1189 2902 pacis

204 2916 382 2976 ornamenta,
397 2916 426 2963 et
446 2907 574 2963 subsidia
594 2907 671 2976 belli,
692 2906 858 2980 requiretis:
881 2918 1003 2982 aguntur
1024 2907 1099 2963 bona
1118 2906 1190 2961 mul-

206 2995 298 3042 torum
319 2984 435 3055 civium,
449 2985 553 3063 quibus
572 2995 617 3042 est
637 3003 654 3042 a
673 2985 761 3055 vobis,
782 2994 811 3042 et
831 2985 956 3060 ipsorum
975 2994 1004 3042 et
1024 2984 1189 3060 reipublicae

206 3063 305 3133 causti,
320 3063 536 3119 consulendum.

152 3137 189 3195 35
246 3140 303 3198 ΙΙΙ.
338 3140 386 3211 Et,
400 3141 534 3216 quoniam
549 3159 659 3217 semper
674 3150 838 3216 appetentes
851 3141 948 3217 gioriae
958 3151 1060 3216 praeter
1071 3150 1190 3198 caeteras

206 3229 315 3294 gentes,
327 3229 411 3293 atque
421 3220 496 3276 avidi
509 3219 603 3277 laudis
614 3221 716 3289 fuistis,
728 3220 850 3277 delenda
860 3221 939 3277 vobis
952 3231 996 3277 est
1006 3220 1055 3276 illa
1065 3219 1189 3289 macula,

206 3297 404 3355 Mithridatico
424 3298 499 3355 bello
512 3298 655 3373 superiore
674 3309 806 3374 suscepta
814 3319 821 3367 ;
842 3317 905 3373 quae
919 3299 1032 3374 penitus
1043 3299 1103 3373 jam
1117 3297 1191 3354 inse·

206 3377 249 3432 dit
263 3387 346 3450 atque
360 3377 527 3433 inveteravit
541 3377 571 3434 in
586 3377 681 3453 populi
701 3376 828 3433 Romani
848 3377 980 3435 nomine:
1001 3375 1079 3453 qubd
1093 3377 1127 3446 is,
1141 3375 1190 3450 qui

206 3473 264 3512 uno
283 3455 340 3525 die,
354 3455 413 3513 tort
427 3455 510 3526 Asia,
524 3465 566 3512 tot
585 3455 615 3512 in
636 3455 809 3525 civitatibus,
824 3474 882 3514 uno
902 3456 1012 3526 nuntio,
1027 3465 1112 3529 atque
1132 3453 1191 3511 und

153 3536 189 3590 40
206 3533 352 3589 literarum
373 3534 593 3609 significatione,
614 3534 692 3592 cives
711 3533 860 3591 Romanos
880 3535 1026 3592 necandos
1045 3533 1192 3590 trucidan-

206 3611 313 3686 dosque
327 3612 480 3682 denotavit,
495 3633 552 3670 non
572 3611 657 3670 modd
680 3612 775 3669 adhuc
794 3631 908 3688 poenam
928 3613 1046 3683 nullam,
1061 3631 1113 3668 suo
1130 3611 1191 3685 dig·
1255 3663 1257 3666 ,

205 3708 273 3746 nam
287 3689 406 3759 scelere,
421 3692 556 3767 suscepit,
567 3692 618 3748 sed
633 3692 669 3747 ab
684 3691 732 3747 illo
746 3700 871 3766 tempore
883 3710 989 3748 annum
1001 3691 1061 3765 jam
1075 3689 1191 3745 tertium

207 3777 236 3824 et
253 3767 421 3824 vicesimum
442 3779 560 3845 regnat3
582 3779 611 3827 et
625 3770 665 3827 ita
678 3780 789 3845 regnat,
804 3779 836 3825 ut
856 3789 887 3826 se
907 3789 964 3826 non
982 3769 1082 3838 Ponto,
1097 3783 1191 3839 neque

206 3845 397 3921 Cappadocia
417 3846 544 3921 latebris,
563 3848 710 3907 occultare
730 3848 809 3919 velit,
825 3848 876 3906 sed
896 3865 1043 3924 emergere
1063 3866 1080 3904 e
1100 3842 1193 3921 patrio
