2702 4464
127 343 168 401 20
401 351 537 400 ORATIO
558 351 593 400 11.
617 352 655 401 ΙΝ
677 353 708 402 L.
731 352 944 403 CATILINAM.

176 492 336 567 perniciem
350 492 475 550 civitatis
487 512 613 552 manere.
654 494 779 552 Proinde
794 505 843 552 aut
863 502 977 564 exeant,
992 509 1041 551 aut
1062 495 1155 570 quies·

177 580 262 640 cant3
285 582 344 641 ant,
358 571 382 627 si
396 571 469 627 etin
483 570 562 629 Urbe
574 582 604 629 et
618 572 648 630 iu
668 573 772 630 eidem
792 582 888 629 mente
908 583 1086 648 permanent,
1107 593 1153 645 ea,

176 667 240 723 quae
254 658 411 719 merentur,
425 659 598 724 exspectent.
619 658 633 711 t

131 699 178 784 l.
216 726 270 784 VI.
292 728 333 783 At
347 727 434 785 etiam
448 737 524 797 sunt,
538 728 681 799 Quirites,
695 728 744 804 qui
758 729 868 800 dicant,
883 747 900 785 a
913 746 960 786 me
974 729 1004 785 in
1018 729 1152 786 exsilium

144 817 162 869 5
177 803 302 879 ejectum
316 825 378 863 esse
392 805 557 862 Catilinam.
597 805 688 867 Quod
701 826 756 883 ego
769 807 794 864 si
808 808 894 865 verbo
905 807 1017 881 assequi
1029 826 1152 882 possem,

177 882 245 939 istos
259 884 333 958 ipsos
341 883 485 958 ejicerem,
495 884 543 957 qui
554 884 618 941 haec
630 884 792 959 loquuntur.
827 885 923 942 Homo
933 885 1068 942 videlicet
1077 886 1152 942 timi-

176 960 231 1017 dus
244 972 273 1018 et
285 963 481 1036 permodestus
494 981 594 1019 vocem
616 963 742 1020 consulis
763 963 837 1021 serre
859 983 917 1020 non
937 963 1045 1040 potuit:
1066 964 1150 1021 simul

178 1048 262 1113 atque
277 1040 318 1095 ire
332 1039 362 1096 in
376 1039 508 1096 exsilium
519 1040 614 1115 jussus
628 1050 681 1112 est,
694 1042 807 1116 paruit;
829 1042 888 1099 ivit
921 1072 924 1078 ·

216 1116 361 1174 Hesterno
370 1117 428 1187 die,
439 1115 507 1173 crim
518 1119 594 1175 domi
604 1138 676 1176 meae
686 1119 760 1194 pene
772 1121 940 1177 interfectus
953 1138 1056 1190 essem,
1070 1138 1151 1176 sena-

127 1203 162 1256 10
176 1202 237 1250 tum
248 1195 278 1252 in
289 1196 379 1252 aedem
390 1195 470 1251 Jovis
482 1196 603 1252 Statoris
612 1199 727 1256 vocavi:
742 1217 802 1255 rem
810 1217 924 1256 ornnem
936 1198 972 1254 ad
982 1207 1077 1273 patres
1085 1216 1152 1255 con-

176 1273 296 1348 scriptos
304 1273 402 1330 detuli.
442 1270 514 1334 Qut
524 1271 590 1330 cirm
600 1274 728 1334 Catilina
738 1276 872 1344 venisset,
883 1276 947 1350 quis
957 1294 1024 1331 eum
1038 1284 1151 1333 senator

177 1350 1151 1430 appellavithuissalutavitlquisdeniqueitaadspexit,utperditum

177 1428 280 1498 civem,
290 1448 390 1486 acuon
399 1427 494 1504 potiris
508 1439 539 1486 ut
553 1431 825 1505 importunissimum
836 1433 945 1488 hostem
956 1431 968 1487 l
1007 1431 1090 1491 Quin
1101 1444 1151 1487 etr·

177 1524 224 1562 am
234 1508 378 1583 principes
388 1507 449 1582 ejus
459 1508 567 1564 ordinis
577 1519 686 1583 partem
701 1510 779 1566 illam
793 1510 1003 1578 subselliorum,
1015 1510 1050 1565 ad
1065 1527 1150 1584 quam

127 1593 162 1646 15
177 1584 225 1641 ille
237 1596 408 1656 accesserat,
419 1586 527 1642 nudam
537 1597 620 1661 atque
630 1587 745 1644 inanem
755 1580 956 1662 reliquerunt!
961 1586 1021 1644 Hic
1030 1606 1095 1662 ego,
1106 1606 1153 1642 ve·

176 1663 296 1720 hemena
310 1663 358 1721 ille
372 1664 482 1733 consul,
493 1664 543 1738 qui
554 1664 639 1721 verbo
653 1666 731 1722 cives
745 1666 774 1722 in
789 1665 921 1722 exsilium
931 1665 1026 1741 ejicio,
1035 1665 1153 1740 quaesivi

177 1741 346 1811 aCatilind,
361 1761 398 1799 an
411 1751 553 1799 nocturno
575 1754 717 1800 conventu
742 1744 817 1819 apud
840 1741 882 1799 M.
898 1743 1015 1800 Laecam
1040 1744 1151 1812 fuisset,

176 1838 278 1877 necne.
319 1818 396 1877 Cum
411 1820 469 1891 ille,
476 1820 562 1877 homo
573 1821 790 1892 audacissimus,
802 1820 980 1879 conscientiis
994 1821 1152 1891 convictus,

195 1895 268 1954 rimo
292 1898 464 1969 reticuisset,
485 1899 609 1973 patefeci
631 1909 744 1957 cratera
784 1900 867 1960 Quid
881 1899 917 1956 ed
937 1908 1022 1956 nocte
1036 1898 1152 1974 egisset,

126 1987 162 2040 20
175 1917 242 2051 lubi
257 1975 380 2055 suisset]
396 1977 465 2052 quid
479 1978 509 2033 in
522 1978 679 2052 proximam
694 1977 897 2047 constituisset,
911 1977 1153 2050 quemadmodum

176 2064 252 2110 esset
264 2053 293 2110 ei
306 2054 379 2112 ratio
392 2054 479 2113 totius
492 2055 561 2112 belli
574 2055 727 2131 descripta,
742 2056 854 2113 edocui.
896 2052 974 2112 Cium
995 2054 1151 2124 hesitaret,

177 2128 245 2187 crim
258 2141 413 2204 teneretur,
428 2132 555 2208 quaesivi,
566 2133 634 2208 quid
645 2134 789 2190 dubitaret
802 2133 838 2191 ed
851 2132 1005 2209 proficisci,
1016 2130 1073 2207 qud
1082 2132 1154 2205 jam·

176 2209 287 2284 pridem
300 2211 431 2306 pardrat;
453 2210 521 2268 clim
535 2229 625 2281 arma,
640 2209 708 2269 crim
732 2231 857 2280 secures,
872 2209 940 2269 cium
960 2210 1063 2280 fasces,
1084 2206 1152 2266 clim

177 2288 271 2358 tubas,
280 2307 348 2345 cum
357 2290 440 2365 signa
448 2289 593 2359 militaria,
604 2287 672 2347 crim
687 2290 811 2365 aquilam
825 2290 904 2347 illam
914 2298 1089 2364 argenteam,
1104 2287 1152 2344 cui

126 2379 162 2431 25
178 2364 226 2422 ille
239 2366 327 2423 etiam
341 2368 499 2425 sacrarium
513 2367 654 2424 scelerum
669 2369 744 2426 domi
759 2387 818 2425 suae
832 2369 951 2438 fecerat,
965 2367 1069 2423 scirem
1090 2384 1153 2422 esse

176 2445 361 2518 praemissam.
400 2444 435 2502 In
446 2445 577 2502 exsilium
586 2445 749 2520 ejiciebam,
760 2465 845 2522 quem
853 2446 913 2521 jam
922 2447 1081 2522 ingressum
1091 2462 1154 2500 esse

178 2521 208 2578 in
222 2522 330 2579 bellum
343 2523 498 2580 videbaml
540 2523 657 2581 Etenim
673 2524 786 2601 (credo)
802 2524 931 2582 Manlius
945 2525 998 2580 iste
1013 2522 1153 2591 centurio,

177 2600 226 2673 qui
238 2601 268 2656 in
279 2600 500 2674 agrol'esulano
510 2611 605 2659 castra
614 2603 717 2677 posuit,
729 2603 835 2660 bellurn
843 2601 946 2677 populo
956 2600 1091 2657 Romano
1101 2618 1154 2655 suo

177 2677 294 2733 nomine
304 2678 423 2735 indixit:
444 2688 474 2735 at
487 2679 536 2736 illa
550 2690 645 2736 castra
658 2700 736 2737 nnnc
750 2699 806 2737 non
821 2678 978 2736 Catilinam
993 2677 1096 2733 ducem
1108 2695 1155 2732 ex·

126 2766 162 2821 30
178 2764 325 2830 spectant:
346 2764 375 2812 et
389 2755 447 2826 ille,
461 2756 571 2831 ejectus
585 2756 614 2812 in
629 2757 771 2826 exsilium,
785 2776 817 2813 se
831 2753 1006 2822 Massiliam,
1017 2765 1049 2810 ut
1063 2753 1153 2822 aiunt,

178 2852 235 2891 non
250 2833 280 2889 in
294 2834 358 2890 haec
372 2846 475 2903 castra,
491 2834 626 2891 conferet.

218 2910 287 2968 VII.
318 2910 347 2967 O
362 2911 555 2968 conditionem
578 2909 722 2981 miseram,
736 2930 793 2969 non
806 2909 891 2967 modd
911 2907 1153 2977 administrandae,

178 2986 278 3048 verium
292 2989 380 3046 etiam
391 2989 603 3059 conservande,
612 2989 794 3065 reipublice!
816 2987 846 3045 N
848 2988 952 3058 unc,si
966 2987 999 3045 L.
1015 2985 1153 3055 Catilina,

77 3087 80 3093 ·
179 3067 619 3143 consiliis‚laboribus,periculis
627 3068 709 3138 meis,
719 3066 928 3126 circumclusus
937 3065 1153 3134 acdebilitatus‚

128 3156 164 3210 35
179 3144 273 3202 subito
282 3146 470 3222 pertimuerit,
481 3146 653 3202 sententiam
663 3146 824 3216 mutaverit,
835 3144 993 3202 deseruerit
1003 3163 1078 3212 suos,
1088 3160 1155 3198 con·

179 3222 274 3281 silium
290 3224 357 3281 belli
372 3224 498 3283 faciendi
513 3223 660 3299 abjecerit,
674 3244 710 3282 ex
726 3226 781 3282 hoc
795 3243 882 3281 cursu
902 3223 1019 3280 sceleris
1032 3231 1062 3278 et
1075 3219 1153 3289 belli,

179 3303 233 3359 iter
248 3303 283 3358 ad
298 3302 395 3378 fiigam
410 3312 495 3377 atque
509 3302 538 3359 in
553 3302 685 3359 exsilium
709 3302 895 3370 converterit3
917 3320 974 3358 non
997 3300 1045 3357 ille
1067 3318 1084 3355 a
1107 3317 1154 3355 me

179 3380 314 3455 spoliatus
329 3380 415 3437 armis
426 3381 566 3451 audacie,
575 3400 633 3438 non
645 3381 859 3456 obstupefactus
868 3398 903 3437 ac
910 3379 1076 3455 perterritus
1089 3375 1154 3433 med

180 3457 340 3534 diligantid,
354 3459 462 3516 nonde
476 3478 526 3534 spe
546 3469 707 3534 conatuque
729 3458 873 3534 depulsus,
887 3458 938 3515 sed
962 3457 1155 3523 indemnatus,

131 3545 164 3600 40
180 3537 328 3607 innocens,
339 3537 370 3594 in
385 3537 517 3594 exsilium
531 3537 640 3614 ejectus
654 3557 671 3594 a
685 3537 813 3607 consule,
823 3536 850 3593 vi
859 3546 888 3593 et
902 3535 988 3592 minis
1001 3553 1064 3591 esse
1078 3534 1156 3590 dice·

179 3624 243 3671 tur:
265 3625 295 3671 et
314 3625 408 3686 erunt,
422 3616 472 3690 qui
492 3615 583 3686 illum,
598 3616 622 3673 si
643 3617 698 3673 hoc
718 3616 828 3686 fecerit,
842 3634 899 3672 non
921 3613 1090 3688 improbum,
1105 3611 1155 3668 sed

180 3692 334 3761 miserum;
356 3711 412 3763 me,
421 3713 479 3751 non
493 3694 745 3770 diligentissimum
760 3693 917 3762 consulem,
928 3692 978 3748 sed
994 3689 1156 3748 crudelissi-

180 3787 259 3825 mum
272 3779 436 3844 tyrannum,
450 3772 607 3829 existimari
621 3772 717 3829 velint.
737 3782 740 3803 ¹
759 3771 812 3828 Est
832 3771 902 3827 mihi
916 3770 999 3838 tanti,
1012 3767 1155 3834 Quirites,

180 3846 266 3925 hujus
279 3847 394 3907 invidiae
409 3849 486 3907 falsie
501 3859 585 3926 atque
606 3851 711 3925 inique
731 3858 929 3926 tempestatem
949 3846 1056 3916 subire,
1076 3844 1157 3901 dum·
