2702 4464
390 375 526 425 ORATIO
548 376 597 425 111.
620 375 658 425 IN
678 376 709 424 L.
732 376 946 426 CATILINAM.
1172 378 1213 438 33

178 518 368 577 diminutione
379 519 495 589 civium,
506 529 535 575 et
545 518 653 593 quantit
664 519 828 577 calamitate
838 519 1013 595 reipublicae.
1047 519 1166 577 Dissen-

178 599 216 655 sit
230 597 272 654 M.
287 598 413 673 Lepidus
428 616 444 653 a
459 599 618 655 clarissimo
631 609 660 655 et
674 598 827 655 fortissimo
840 599 910 668 viro,
923 599 964 659 Q.
980 598 1103 655 Catulo:
1126 607 1166 654 at·

179 677 245 733 tulit
258 696 314 732 non
328 686 387 732 tam
401 676 489 751 ipsius
513 677 645 733 interitus
666 676 832 752 reipublicae
845 677 966 748 luctum,
981 674 1068 751 quim
1082 685 1167 733 caete-

179 773 284 812 rorum.
313 740 325 823 l
681 800 690 813 ,

174 845 207 919 s
218 822 315 905 Atque
329 834 384 890 illae
399 833 590 891 dissensiones
604 843 686 890 erant
696 832 867 908 hujusmodi,
877 833 1019 904 Quirites,
1030 852 1094 907 quae
1107 852 1165 891 non
1196 837 1215 891 5

180 912 216 968 ad
230 912 393 983 delendam,
403 913 454 968 sed
466 912 502 969 ad
513 913 755 982 commutandam,
765 912 971 986 rempublicam
981 913 1164 988 pertinerent.

179 990 246 1047 Non
261 991 303 1047 illi
318 991 427 1047 nullam
448 1009 511 1046 esse
531 990 748 1064 rempublicam,
766 990 826 1059 sed,
841 991 871 1046 in
891 991 926 1046 eri
946 1007 1009 1066 quae
1029 1000 1113 1060 esset,
1134 1010 1166 1048 se

178 1088 241 1126 esse
255 1070 417 1145 principes3
438 1087 533 1141 neque
548 1070 623 1124 hanc
637 1069 737 1124 urbem
755 1067 943 1143 conflagrare,
957 1070 1008 1125 sed
1022 1088 1052 1126 se
1067 1069 1096 1125 in
1110 1071 1166 1126 hac

178 1148 250 1204 urbe
278 1147 390 1217 florere,
417 1147 574 1204 voluerunt.
617 1148 714 1220 Atque
741 1146 797 1203 illae
820 1155 917 1202 tamen
939 1165 1038 1204 omnes
1059 1147 1168 1203 dissen-

178 1227 283 1296 siones,
299 1245 420 1300 quarum
444 1225 524 1282 nulla
546 1224 665 1282 exitium
688 1223 854 1299 reipublicae
875 1226 1013 1298 quaesivit,
1028 1225 1166 1301 ejusmodi
1182 1229 1215 1282 10

179 1305 304 1376 suerunt,
319 1314 360 1373 ut,
375 1325 432 1361 non
453 1304 687 1362 reconciliatione
710 1303 881 1373 concordiae,
896 1304 946 1360 sed
970 1304 1166 1361 internecione

179 1384 296 1452 civium,
321 1383 485 1458 dijudicatae
509 1383 574 1439 sint.
616 1381 651 1438 In
676 1382 730 1438 hoc
745 1391 841 1438 antem
864 1401 922 1438 uno
942 1392 1003 1458 post
1018 1383 1165 1439 hominum

179 1462 347 1518 memoriam
361 1462 485 1518 maximo
499 1460 754 1535 crudelissimoque
767 1459 852 1529 bello,
867 1460 951 1534 quale
965 1459 1071 1517 bellum
1085 1461 1166 1517 nulla

178 1558 305 1614 unquam
320 1540 454 1597 barbaria
467 1559 534 1596 cnm
549 1541 601 1596 sud
616 1549 702 1615 gente
716 1538 813 1614 gessit,
830 1537 943 1613 (quoin
957 1540 1032 1596 bello
1041 1539 1088 1595 lex
1102 1540 1165 1596 haec

180 1619 233 1675 fuit
248 1638 265 1675 a
278 1619 410 1689 Lentulo,
425 1618 564 1688 Catilina,
589 1618 700 1688 Cassio,
716 1618 846 1693 Cethego
867 1618 1031 1689 constituta,
1055 1627 1087 1675 ut
1106 1636 1165 1676 om·
1179 1618 1214 1670 15

178 1717 240 1768 nes,
255 1698 303 1771 qui
328 1698 405 1754 salva
429 1699 500 1754 urbe
524 1696 595 1753 salvi
618 1715 682 1753 esse
704 1704 828 1771 possent,
843 1696 873 1752 in
888 1696 1020 1753 bostium
1043 1715 1165 1754 numero

179 1777 365 1855 ducerentur)
382 1776 423 1833 ita
436 1794 482 1833 me
496 1776 583 1853 gessi,
596 1775 740 1845 Quirites,
755 1785 787 1831 nt
809 1793 909 1832 omnes
932 1775 1002 1832 salvi
1016 1793 1166 1832 conserva·

179 1855 298 1911 remini:
319 1866 357 1926 et,
372 1853 440 1912 crim
459 1856 554 1912 hostes
577 1854 664 1911 vestri
687 1862 799 1910 tantum
822 1853 929 1911 civium
952 1854 1164 1930 superfuturum

179 1934 334 2007 putassent,
348 1944 488 2008 quantum
502 1933 621 1990 infinita
632 1933 705 1989 caedi
716 1932 874 2003 restitisset,
885 1941 998 1989 tantum
1009 1942 1104 1989 autem
1119 1952 1165 1989 ur·

180 2011 234 2081 bis,
248 2023 385 2084 quantum
400 2012 515 2069 flamma
529 2012 609 2069 obire
623 2030 680 2068 non
730 2011 846 2080 tuisset;
868 2020 897 2068 et
919 2011 1021 2068 urbem
1042 2020 1072 2068 et
1086 2010 1164 2068 cives
1177 2017 1214 2072 20

181 2089 305 2165 integros
319 2092 532 2166 incolumesque
546 2090 664 2148 servavi.
683 2031 734 2147 l}

220 2168 274 2224 XI.
294 2168 412 2229 Quibus
424 2189 475 2244 pro
497 2170 585 2226 tantis
608 2170 704 2238 rebus,
717 2168 859 2240 Quirites,
873 2168 984 2226 nullum
1007 2186 1100 2245 egos
1119 2189 1165 2228 vo-

200 2245 225 2301 is
237 2248 385 2321 premium
398 2248 519 2318 virtutis,
532 2248 643 2305 nullum
658 2247 770 2324 insigne
794 2248 918 2317 honoris,
932 2247 1054 2319 nullum¹
1065 2266 1164 2306 monn·

180 2334 310 2381 mentum
330 2326 424 2382 laudis
443 2327 562 2400 postulo,
589 2335 776 2402 praeterquam
798 2325 883 2401 hujus
910 2327 968 2382 diei
994 2326 1162 2383 memoriam

120 2469 133 2480 ἢ
181 2403 391 2477 sempiternam.
432 2403 469 2460 In
484 2405 585 2461 animis
597 2425 652 2482 ego
664 2405 766 2462 vestris
785 2423 884 2462 onmes
904 2404 1060 2478 triumphos
1074 2423 1161 2476 meos,
1176 2409 1211 2465 25

180 2482 278 2538 omnia
291 2492 458 2538 ornamenta
471 2483 593 2555 honoris,
608 2493 793 2541 monumenta
804 2483 911 2559 gloriae,
922 2482 1016 2538 laudis
1027 2482 1161 2557 insignia,

181 2560 310 2616 condiet
332 2560 466 2617 collocari
491 2562 560 2619 volo.
601 2562 682 2620 Nihil
707 2581 754 2619 me
777 2571 889 2617 mutum
902 2570 994 2636 potest
1007 2561 1161 2633 delectare,

179 2638 251 2694 nihil
266 2638 397 2709 tacitum,
421 2640 491 2697 nihil
517 2641 638 2716 denique
663 2640 841 2717 hujusmodi,
857 2640 932 2714 quod
956 2639 1043 2696 etiam
1065 2639 1162 2698 mimis

179 2717 258 2793 digni
273 2718 384 2792 assequi
398 2718 512 2794 possint.
554 2719 696 2778 Memoria
720 2720 823 2791 vestri,
837 2719 978 2790 Quirites,
993 2729 1095 2776 nostrae
1116 2740 1162 2778 res

178 2796 299 2866 alentur,
314 2797 491 2853 sermonibus
515 2810 656 2870 crescent,
670 2799 817 2856 literarum
841 2799 1032 2855 monumentis
1056 2798 1162 2857 invete·
1174 2795 1210 2849 30

177 2885 291 2931 rascent
305 2885 333 2931 et
347 2876 621 2934 corroborabuntur:
643 2878 821 2952 eandemque
835 2878 911 2934 diem
926 2878 1063 2952 intelligc,
1074 2897 1161 2951 quam

177 2973 258 3027 spero
279 2964 414 3010 aeternam
437 2954 505 3024 fore,
521 2966 549 3012 et
573 2956 750 3013 adsalutem
772 2955 868 3027 Urbis,
882 2966 912 3012 et
936 2956 971 3012 ad
993 2956 1161 3013 memoriam

177 3032 342 3088 consulatus
356 3031 412 3088 mei
429 3031 627 3109 [propagatam
635 3036 656 3113 ι]
679 3055 793 3109 unoque
807 3045 932 3110 tempore
947 3034 976 3089 in
991 3035 1046 3090 hac
1060 3035 1161 3109 repub-

176 3109 233 3165 licri
248 3108 318 3166 duos
332 3110 409 3167 cives
429 3112 580 3183 exstitisse,
602 3132 720 3186 quorum
744 3114 814 3171 alter
837 3114 907 3170 lines
929 3113 1014 3169 vestri
1038 3112 1159 3188 imperii,

177 3208 233 3244 non
247 3199 339 3258 terrae,
351 3190 402 3245 sed
416 3190 492 3260 coeli,
502 3191 665 3266 regionibus
679 3191 861 3283 terminpret3
884 3190 954 3248 alter
968 3192 1095 3266 ejusdcm
1110 3191 1161 3246 im·
1173 3185 1209 3238 35

175 3266 246 3342 perii
261 3267 439 3324 domicilium
453 3270 607 3343 sedemque
622 3280 755 3326 servaret.
779 3300 785 3317 .
854 3273 862 3283 “

174 3396 179 3405 .
196 3341 200 3347 ’
215 3345 287 3402 XII.
310 3347 378 3416 Sed,
394 3347 528 3421 qnoniam
542 3367 641 3404 earum
661 3367 853 3422 rerumquae
873 3367 927 3422 ego
947 3345 1032 3422 gessi,
1047 3355 1161 3403 nonest

176 3426 277 3480 eadem
292 3425 405 3481 sortuna
420 3435 503 3499 atque
518 3426 653 3495 conditio,
669 3446 732 3500 quae
755 3426 867 3484 illorum
890 3425 939 3498 qui
953 3434 1071 3481 externa
1084 3424 1161 3481 bella

175 3512 341 3577 gesserunt3
358 3501 435 3575 quod
449 3503 519 3559 mihi
534 3522 601 3559 cum
616 3504 660 3560 his
674 3504 827 3561 vivendum
841 3502 887 3573 sit,
898 3501 1032 3576 quosvici
1047 3521 1081 3559 ac
1096 3503 1161 3559 sub·

175 3580 239 3655 egi;
268 3579 314 3635 isti
341 3581 435 3637 hostes
462 3591 511 3637 aut
537 3580 702 3639 interfectos
730 3591 779 3640 aut
804 3600 951 3656 oppressos
977 3580 1143 3655 reliquerint
1150 3602 1158 3653 ;
1173 3587 1207 3641 40

175 3668 301 3714 vestrum
315 3667 367 3727 est,
381 3658 522 3728 Quirites,
538 3660 562 3716 si
576 3661 687 3717 ceteris
708 3679 761 3716 sua
781 3660 857 3717 facta
869 3671 996 3734 prosunt,
1010 3659 1081 3717 mihi
1095 3680 1160 3718 mea

174 3737 341 3810 nequando
353 3736 457 3806 obsint,
481 3738 636 3812 providere.
679 3736 795 3794 Mentes
818 3738 895 3795 enim
913 3739 1058 3796 hominum
1074 3741 1160 3796 auda-

174 3815 354 3872 cissimorum
369 3816 515 3891 sceleratae
531 3835 565 3873 ac
579 3817 695 3873 nefariae
706 3836 743 3873 ne
757 3818 836 3874 robis
849 3837 954 3875 nocere
967 3829 1090 3895 possent,
1105 3839 1160 3894 ego

174 3892 299 3967 providi:
329 3911 366 3949 ne
388 3892 459 3949 mibi
482 3905 615 3965 noceant,
641 3905 765 3952 vestrum
787 3905 840 3967 est,
861 3897 1016 3972 providere.
1057 3897 1160 3957 Quan-
