2702 4464
176 323 218 381 80
440 324 577 374 ORATIO
598 323 668 373 PRO
689 322 788 373 REGE
809 321 1005 372 DEIOTARO.

230 467 401 537 audiebam;
421 476 553 524 nontam
568 466 703 524 afflictam
724 466 834 543 regiam
858 465 1053 524 conditionem
1073 465 1213 533 dolebam,

230 545 316 620 quam
343 546 379 603 de
402 546 522 603 fortunis
542 544 742 602 communibus
762 545 993 602 extimescebam.
1034 543 1123 614 Nam,
1137 542 1214 613 cum,

230 643 308 682 more
322 625 471 700 majorum,
485 624 522 680 de
545 642 625 680 servo
646 623 677 679 in
700 624 858 692 dominum,
872 642 909 680 ne
926 622 1075 680 tormentis
1090 623 1214 696 quidem,

230 703 319 777 quari
345 703 433 759 liceat
460 700 504 776 (in
531 701 588 775 qud
607 701 762 775 quaestione
782 701 860 758 dolor
880 719 977 759 veram
997 719 1096 757 vocem
1110 700 1214 757 elicere

194 781 318 857 5possit
338 781 425 838 etiam
447 781 483 836 ab
511 779 633 859 invito);
663 790 778 837 exortus
804 789 848 837 est
871 798 978 849 servus,
1000 778 1059 852 qui,
1079 797 1165 853 quem
1185 779 1215 836 in

230 860 353 934 equuleo
367 859 508 934 appellare
521 878 578 915 non
591 868 695 934 posset,
709 876 776 915 eum
791 867 941 915 accusaret
954 857 1071 915 solutus.

270 938 311 995 ΙΙ.
345 937 498 994 Perturbat
510 956 567 1006 me,
581 936 637 993 cai
651 937 759 1007 Caesar,
773 936 861 994 etiam
875 936 946 994 illud
960 936 1104 993 interdum
1112 954 1120 1005 ;
1140 936 1214 1011 quod

231 1026 338 1086 tamen,
362 1013 430 1073 cbm
453 1025 481 1072 te
502 1012 617 1090 penitus
637 1015 800 1090 recognovi,
824 1015 926 1073 timere
947 1014 1065 1072 desino:
1086 1033 1118 1071 re
1139 1014 1214 1071 enim

232 1095 362 1169 iniquum
375 1104 428 1163 est,
442 1094 493 1150 sed
507 1093 557 1150 tuit
580 1093 767 1168 sapientiifit
781 1092 983 1166 aequissimum.
1024 1092 1103 1149 Nam
1117 1092 1215 1150 dicere

182 1177 214 1230 10
233 1175 308 1249 apud
321 1192 388 1230 eum
402 1174 439 1229 de
463 1172 600 1242 facinore,
610 1181 710 1228 contra
723 1171 806 1246 cujus
817 1172 903 1227 vitam
917 1171 1069 1229 consilium
1080 1170 1215 1228 facinoris

232 1251 320 1309 inisse
345 1269 475 1347 arguare,
489 1250 514 1307 si
533 1269 583 1325 per
607 1249 731 1324 seipsum
752 1250 925 1319 consideres,
939 1269 1026 1325 grave
1049 1258 1110 1306 est:
1132 1269 1216 1307 nemo

232 1331 310 1387 enim
334 1330 394 1386 fere
418 1338 470 1399 est,
485 1327 543 1403 qui,
558 1327 603 1384 sui
623 1327 743 1402 periculi
761 1328 860 1403 judex,
874 1347 931 1385 non
949 1327 1004 1385 sibi
1018 1348 1049 1385 se
1063 1328 1215 1402 aequiorem

233 1406 319 1482 qudm
343 1427 392 1465 reo
412 1406 545 1482 praebeat.
587 1406 646 1463 Sed
670 1415 728 1476 tua,
743 1406 798 1462 Oai
813 1407 921 1477 Caesar,
934 1417 1072 1482 praestans
1092 1406 1217 1482 singula·

232 1487 328 1562 risque
341 1495 444 1542 natura
457 1486 536 1541 hunc
553 1484 625 1542 mihi
647 1493 755 1540 metum
778 1484 889 1541 minuit.
930 1484 999 1542 Non
1012 1485 1089 1542 enim
1105 1494 1163 1540 tam
1183 1485 1216 1541 ti·

180 1564 215 1617 15
233 1584 307 1635 meo,
331 1564 401 1638 quid
426 1576 455 1620 tu
478 1563 515 1620 de
528 1582 596 1638 rege
618 1561 764 1633 Deiotaro,
778 1561 865 1636 quam
889 1563 1027 1639 intelligo,
1042 1564 1111 1637 quid
1131 1564 1167 1620 de
1187 1574 1216 1621 te

233 1653 351 1701 caeteros
365 1642 435 1698 velis
445 1641 584 1717 judicare.
626 1639 744 1698 Mereor
764 1642 851 1698 etiam
874 1641 931 1699 loci
953 1642 1041 1717 ipsius
1055 1642 1216 1714 insolentia,

233 1720 310 1797 qubd
323 1730 433 1777 tantam
447 1738 575 1790 causam,
590 1728 697 1793 quanta
719 1720 800 1777 nulla
820 1739 948 1795 unquam
962 1720 992 1778 in
1010 1721 1217 1796 disceptatione

234 1810 345 1857 versata
358 1807 411 1869 est,
425 1798 492 1855 dico
505 1798 580 1855 intra
593 1797 764 1856 domesticos
776 1799 909 1873 parietes,
923 1799 990 1856 dico
1002 1809 1083 1856 extra
1096 1818 1219 1856 conven-

232 1887 294 1935 tum
308 1888 336 1935 et
350 1895 413 1935 eam
429 1876 628 1950 frequentiam,
643 1876 673 1933 in
687 1876 743 1949 qui
765 1887 910 1935 oratorum
933 1877 1028 1934 studia
1040 1877 1094 1934 niti
1108 1878 1216 1936 solent:

179 1957 216 2010 20
233 1957 263 2013 in
289 1955 347 2013 tuis
365 1954 468 2026 oculis,
495 1955 524 2012 in
552 1964 602 2012 tuo
627 1974 676 2012 ore
702 1954 848 2029 vultuque,
869 1955 1040 2030 acquiesco:
1068 1965 1097 2013 te
1127 1975 1217 2013 unum

233 2034 363 2092 intucor:
385 2034 421 2091 ad
448 2043 477 2091 te
498 2052 588 2091 unum
608 2032 702 2090 omnis
723 2051 789 2090 mea
809 2044 919 2109 spectat
931 2035 1040 2092 oratio:
1062 2054 1124 2108 quae
1145 2035 1217 2092 mibi

233 2114 269 2173 ad
299 2132 378 2188 spem
405 2111 568 2169 obtinendae
597 2112 725 2169 veritatis
753 2111 921 2187 gravissima
941 2122 1017 2183 sunt,
1046 2115 1082 2169 ad
1108 2124 1217 2170 motum

232 2191 331 2263 animi,
346 2202 375 2248 et
389 2193 426 2249 ad
446 2209 561 2249 omnem
583 2188 720 2266 impetum
743 2190 870 2262 dicendi,
885 2191 1164 2265 contentionemque,
1177 2192 1219 2249 le·

230 2269 317 2328 viora.
1168 2307 1169 2312 κ

177 2350 214 2404 25
270 2348 358 2406 Hanc
372 2347 460 2419 enim,
475 2346 530 2405 Gai
545 2345 654 2418 Cesar,
668 2365 786 2404 causam
800 2347 825 2404 si
839 2347 868 2405 in
883 2348 942 2404 foro
963 2347 1101 2419 dicerem,
1116 2348 1218 2406 eodem

232 2427 367 2485 audiente
380 2437 409 2485 et
423 2427 601 2503 disceptante
614 2438 653 2496 te,
667 2435 804 2500 quantam
826 2425 898 2483 mihi
922 2426 1101 2483 alacritatem
1120 2427 1217 2502 populi

231 2504 358 2563 Romani
382 2524 540 2563 concursus
563 2505 690 2562 afferret!
731 2504 809 2565 Quis
832 2503 910 2561 enim
934 2504 1005 2561 civis
1028 2504 1055 2562 ei
1077 2505 1138 2582 regi
1158 2526 1218 2563 non

231 2583 348 2655 faveret,
363 2584 573 2660 cujusomnem
595 2592 708 2639 aetatem
732 2582 763 2639 in
782 2583 878 2659 populi
900 2581 1028 2640 Romani
1048 2583 1130 2640 bellis
1150 2603 1220 2642 con-
1309 2608 1312 2615 ·

230 2672 372 2736 sumptam
399 2681 463 2719 esse
489 2660 688 2718 meminisset?
730 2661 897 2735 spectarem
926 2661 1055 2731 curiam3
1090 2662 1218 2721 intuerer

177 2739 213 2793 30
231 2739 339 2809 forum3
361 2739 466 2796 coelum
480 2738 605 2812 denique
618 2747 738 2795 testarer
752 2739 853 2813 ipsum.
895 2739 956 2810 Sic,
968 2737 1036 2796 cirm
1046 2750 1075 2797 et
1088 2740 1218 2798 Deorum

230 2816 443 2887 immortalium,
457 2826 487 2874 et
498 2816 594 2892 populi
608 2816 745 2886 Romani,
760 2826 789 2873 et
810 2817 937 2887 senatus,
960 2818 1102 2875 beneficia
1122 2819 1152 2876 in
1173 2839 1219 2877 re-

229 2913 296 2971 gem
316 2895 485 2952 Deiotarum
507 2894 681 2964 recordarer,
703 2895 782 2952 nullo
804 2896 889 2952 modo
910 2896 981 2953 mihi
1003 2898 1103 2954 deesse
1122 2908 1219 2973 posset

229 2973 328 3031 oratio.
368 2972 445 3033 Quae
459 2972 594 3048 quoniam
618 2973 784 3048 angustiora
803 2974 927 3049 parietes
949 2974 1069 3046 faciunt,
1084 2975 1219 3049 actioque

230 3070 325 3108 causae
349 3050 472 3108 maxime
492 3049 656 3107 debilitatur
677 3050 758 3120 loco;
780 3061 862 3108 tuum
884 3062 937 3123 est,
952 3051 1060 3124 Caesar,
1085 3054 1134 3128 qui
1163 3073 1219 3129 pro

177 3132 213 3186 35
230 3128 327 3186 multis
348 3148 422 3205 saepe
445 3129 552 3199 dixisti,
567 3128 635 3203 quid
658 3149 737 3186 nttnc
759 3130 830 3186 mihi
845 3130 933 3187 animi
956 3132 1002 3202 sit,
1018 3132 1054 3188 ad
1073 3142 1103 3188 te
1123 3132 1219 3208 ipsum

229 3208 352 3278 referre3
374 3227 430 3282 quo
444 3205 558 3266 saciliits
580 3217 641 3263 tum
666 3208 785 3283 equitas
798 3218 858 3279 tua,
872 3218 934 3266 tum
945 3210 1082 3267 audiendi
1096 3211 1221 3288 diligen-

228 3285 279 3357 tia,
294 3286 405 3345 minuat
418 3287 495 3345 hanc
507 3287 751 3362 perturbationem
764 3305 867 3344 meam.

269 3366 339 3438 Sed,
355 3376 507 3440 antequam
521 3365 557 3423 de
582 3365 766 3423 accusatione
790 3364 851 3440 ipsd
875 3365 950 3438 dico,
965 3365 1001 3423 de
1016 3377 1221 3425 accusatorum

229 3463 278 3520 spe
292 3463 385 3519 pauca
398 3444 513 3502 dicam:
535 3443 584 3517 qui
606 3440 674 3500 ciam
697 3442 848 3501 videantur
870 3463 964 3519 neque
986 3444 1103 3521 ingenio
1122 3466 1221 3521 neque

177 3519 213 3574 40
230 3541 283 3579 usu
299 3533 383 3596 atque
396 3522 601 3580 exercitatione
614 3540 710 3578 rerum
724 3521 828 3593 valere,
837 3531 935 3580 tamen
950 3522 987 3580 ad
1000 3523 1076 3581 banc
1087 3542 1221 3596 causam,

229 3619 286 3658 non
300 3601 362 3658 sine
377 3599 473 3674 aliquit
486 3620 536 3676 spe
546 3611 574 3658 et
588 3600 771 3675 cogitatione,
785 3611 933 3659 venerunt.

269 3676 327 3735 III.
362 3677 473 3736 Iratum
500 3689 529 3736 te
556 3678 618 3754 regi
641 3677 778 3736 Deiotaro
800 3679 888 3736 fuisse
914 3700 971 3738 non
995 3687 1078 3737 erant
1103 3681 1221 3740 nescii:

231 3755 365 3813 affectum
380 3755 460 3813 illum
475 3757 646 3831 quibusdam
660 3757 849 3814 incommodis
863 3769 891 3815 et
900 3757 1089 3829 detrimentis,
1102 3771 1222 3848 propter

229 3834 416 3893 offensionem
431 3833 519 3893 animi
532 3834 585 3907 tui,
597 3835 805 3895 meminerant:
826 3846 911 3914 teque
935 3835 1003 3898 clun
1017 3837 1087 3895 huic
1100 3847 1223 3911 iratum,
