2702 4464
177 375 220 437 ω
429 373 567 425 ORATIO
588 372 659 424 rtto
679 371 780 423 REGE
796 371 993 423 DEIOTARO.

227 516 328 575 solere.
369 515 463 593 Frugi
486 517 634 576 bominem
654 516 724 588 dici,
744 534 802 574 non
824 515 946 573 multum
966 515 1054 573 habet
1070 514 1166 573 laudis
1188 514 1223 574 in

227 615 313 672 rege;
335 596 447 666 fortem,
465 595 585 671 justum,
605 614 746 666 severum,
768 612 895 672 gravem,
918 595 1146 672 magnanimum,
1164 594 1223 651 lar·

227 694 307 752 gum,
322 674 496 744 beneficum,
509 674 674 744 liberalem;
697 675 741 731 hat
760 684 828 732 sunt
851 672 939 749 regim
959 673 1077 730 laudes:
1099 672 1149 730 illa
1161 672 1223 748 pri·

228 764 294 810 rata
305 763 358 810 est.
400 752 439 810 Ut
461 754 545 822 volet,
559 753 679 828 quisque
700 752 843 828 accipiat:
872 769 928 827 ego
949 761 1048 808 tamen
1071 751 1223 827 frugalita-

196 834 297 902 5tem‚
312 831 409 902 idest,
424 831 592 889 modestiam
607 841 637 888 et
650 830 880 907 temperantiam,
895 830 1030 887 virtutem
1049 848 1114 886 eme
1127 830 1220 887 maxi·

227 929 305 967 mam
323 909 431 985 judico.
473 910 547 967 Haec
561 910 592 967 in
607 910 656 968 illo
668 920 712 967 est
726 910 764 966 ab
777 909 896 966 ineunte
910 918 1005 979 astate,
1020 918 1081 965 tum
1097 926 1114 964 a
1127 927 1221 966 cunc·

228 989 259 1046 ti
286 989 369 1058 Asia,
393 1000 454 1047 tum
480 1007 498 1046 a
521 988 735 1064 magistratibus
761 987 921 1064 legatisque
947 986 1062 1056 nostris,
1089 995 1151 1044 tum
1179 988 1220 1044 ab

228 1068 372 1143 equitibus
392 1067 536 1125 Rommis
555 1068 605 1143 qui
625 1067 656 1124 in
676 1067 750 1124 Asia
771 1065 910 1144 negotiati
930 1076 1007 1136 suut,
1021 1075 1172 1141 perspecta
1186 1080 1220 1125 et

228 1165 265 1204 co
286 1157 354 1203 ntta

179 1224 215 1278 10
304 1225 371 1282 ultis
384 1224 431 1282 ille
444 1224 561 1299 quidem
582 1224 720 1300 gradibus
738 1222 898 1281 officiomm
918 1241 988 1298 erga
1007 1221 1219 1297 rempublicam

228 1314 354 1361 nostram
377 1303 412 1360 ad
433 1303 491 1362 boc
511 1302 622 1379 regium
643 1322 749 1360 nomen
770 1302 939 1359 adscendit:
960 1302 1012 1358 sed
1026 1310 1122 1357 tamen
1135 1300 1219 1376 quid·

227 1381 297 1456 quid
312 1401 329 1439 a
342 1381 425 1438 bellis
437 1381 535 1457 populi
556 1380 685 1439 Romam
706 1381 837 1451 vacabat,
851 1399 918 1437 cum
934 1379 1097 1438 hominibus
1111 1379 1219 1437 nostris

228 1459 465 1531 consuetudines,
484 1458 636 1531 amicitias,
661 1479 707 1517 res
731 1459 912 1534 rationesque
927 1457 1085 1534 jungebat3
1106 1467 1218 1515 utnon

229 1535 322 1595 solium
337 1538 482 1596 tetrarcha
494 1538 611 1609 nobilis,
625 1538 675 1595 sed
688 1538 813 1614 optimus
826 1537 1041 1612 paterfamilias,
1052 1546 1082 1592 et
1094 1536 1218 1612 diligen·

180 1622 215 1676 15
229 1617 356 1673 tissimus
376 1616 504 1693 agricola
524 1627 553 1674 et
572 1617 736 1693 pecuarius,
751 1617 914 1674 haberetur.
955 1614 1018 1675 Qui
1038 1614 1135 1691 igitur,
1150 1615 1219 1672 ado-

228 1695 352 1761 lescens,
373 1695 502 1752 nondum
521 1695 604 1752 tanti
629 1695 721 1770 gloria
747 1695 892 1770 praeditus,
913 1693 985 1751 nihil
1012 1712 1139 1768 unquam
1159 1693 1218 1751 nisi

229 1772 409 1830 severissime
423 1783 453 1830 et
466 1771 634 1849 gravusime
650 1773 769 1844 fecerit;
791 1773 825 1845 is,
839 1771 876 1830 ci
889 1771 1111 1843 existimatione,
1124 1771 1218 1847 etque

229 1861 323 1923 aetate,
337 1851 450 1909 saltavit
462 1854 474 1909 l

269 1930 308 1987 X.
330 1929 441 1987 Imitari
461 1927 566 2007 potius,
591 1929 705 2001 Castor,
731 1928 775 1988 avi
795 1929 838 1988 tui
859 1948 953 1988 mores
976 1929 1218 2005 disciplinamque

179 2017 216 2073 m
229 2007 366 2079 debebas,
379 2006 466 2085 quiam
479 2009 588 2085 optimo
607 2019 637 2067 et
656 2009 816 2067 clarissimo
829 2008 890 2066 viro
911 2008 1025 2085 fugitivi
1037 2027 1087 2066 ore
1100 2008 1219 2065 maledi·

230 2106 306 2145 cere.
346 2086 438 2148 Quod
458 2087 484 2145 si
503 2087 667 2146 saltatorem
689 2107 773 2145 avum
796 2088 955 2158 habuisses,
976 2106 1071 2163 neque
1090 2105 1157 2144 eum
1178 2087 1219 2144 vi·

230 2185 305 2239 rum,
319 2167 397 2223 unde
410 2166 529 2242 pudoris
542 2167 746 2243 pudicitiaque
764 2168 896 2243 exempla
914 2176 1097 2242 peterentu13
1118 2176 1216 2222 tamen

230 2244 287 2302 hoc
301 2245 488 2304 maledictum
509 2245 628 2304 minime
650 2246 680 2305 in
701 2246 779 2303 illam
798 2255 911 2302 aetatem
925 2244 1101 2303 conveniret.
1141 2243 1218 2318 Qui-

230 2323 285 2381 bus
305 2324 353 2382 ille
373 2325 475 2383 studiis
497 2324 533 2382 ab
553 2325 672 2382 ineunte
693 2335 776 2381 etate
790 2344 821 2382 se
836 2324 987 2394 imbuerat,
1002 2342 1060 2380 non
1081 2322 1216 2394 saltandi,

180 2399 216 2454 25
231 2404 282 2461 sed
297 2404 371 2462 bene
385 2414 417 2463 ut
431 2403 527 2475 armis,
541 2402 649 2480 optimc
664 2412 696 2461 ut
709 2403 791 2478 equis
809 2413 953 2471 uteretur;
974 2420 1010 2459 ea
1022 2411 1120 2458 tamen
1136 2401 1217 2458 illum

231 2494 339 2540 cuncta
360 2483 430 2559 jam,
455 2493 539 2541 aetate
560 2482 674 2553 exacti,
698 2482 874 2539 defecerant.
915 2479 1027 2555 ltaque,
1047 2479 1217 2538 Deiotarum

231 2559 299 2619 crim
321 2562 416 2636 plures
438 2562 468 2619 in
489 2580 594 2637 equum
615 2560 807 2630 sustulissent,
821 2557 898 2635 qudd
913 2559 1021 2616 haerere
1034 2558 1064 2614 in
1079 2572 1114 2615 ec
1127 2577 1218 2616 senex

230 2649 338 2714 posset,
353 2640 487 2697 admirari
508 2640 679 2697 solebamus.
721 2637 781 2695 Hic
796 2637 863 2696 verb
879 2637 1057 2707 adolescens,
1072 2637 1121 2712 qui
1134 2655 1218 2693 meus

231 2717 261 2772 in
276 2717 383 2774 Cilicia
397 2718 489 2787 miles,
504 2717 533 2773 in
547 2717 663 2774 Graecia
677 2716 844 2787 commilito,
856 2715 919 2786 fuit,
931 2711 999 2773 cim
1014 2715 1044 2772 in
1058 2715 1107 2772 illo
1120 2725 1218 2773 nostro

180 2789 217 2844 w
231 2796 360 2852 exercitu
381 2796 522 2870 equitaret
535 2813 603 2852 cum
617 2795 676 2851 suis
690 2795 811 2854 delectis
823 2796 977 2873 equitibus,
991 2813 1062 2869 quos
1076 2793 1135 2850 uni
1148 2813 1217 2851 cum

231 2892 267 2930 eo
282 2874 318 2929 ad
339 2872 506 2948 Pompeium
527 2883 607 2947 pater
629 2873 756 2945 miserat,
770 2894 841 2950 quos
862 2892 1022 2932 concursus
1036 2874 1131 2930 facere
1145 2872 1217 2929 sole·

232 2951 297 3009 bat!
323 2948 409 3026 quam
423 2969 454 3007 se
465 2951 593 3026 jactare!
615 2949 701 3027 quam
715 2954 876 3012 ostentarel
898 2951 984 3028 quim
998 2949 1108 3008 nemini
1123 2951 1153 3008 in
1167 2951 1218 3008 illd

232 3029 321 3087 causti
342 3029 436 3086 studio
456 3038 485 3086 et
505 3030 664 3105 cupiditate
685 3033 862 3089 concedere!
890 3029 968 3089 cum
987 3029 1066 3100 verb,
1086 3029 1218 3088 exercitu

232 3108 347 3178 amisso,
361 3126 426 3183 ego,
440 3107 487 3182 qui
508 3107 590 3183 pacis
610 3122 711 3168 auctor
731 3129 843 3186 semper
863 3110 914 3181 fui,
935 3119 998 3186 post
1018 3108 1218 3166 Pharsalicum

181 3191 217 3246 ³5
233 3198 326 3244 autem
339 3186 471 3261 proelium
492 3188 726 3246 suasor‘luissem
743 3206 884 3247 armorum
899 3207 956 3246 non
970 3187 1217 3263 deponendorum,

232 3265 282 3322 sed
298 3264 545 3340 abjiciendorum3
567 3267 646 3324 hunc
667 3267 703 3325 ad
725 3286 818 3325 meam
840 3267 1038 3324 auctoritatem
1059 3285 1117 3323 non
1137 3267 1218 3340 potui

233 3344 387 3414 adducere,
407 3342 485 3419 qudd
504 3355 534 3402 et
554 3345 615 3421 ipse
636 3347 754 3403 ardebat
774 3345 869 3403 studio
890 3345 978 3421 ipsius
999 3345 1075 3416 belli,
1094 3355 1124 3401 et
1143 3345 1218 3419 patri

231 3422 468 3481 satisfaciendum
495 3443 559 3482 esse
587 3424 786 3482 arbitrabatur.
827 3423 911 3481 Felix
935 3423 991 3482 ista
1018 3423 1130 3493 domus,
1153 3441 1218 3497 quar

232 3520 290 3557 non
309 3500 507 3577 impunitatem
532 3501 624 3560 solum
647 3504 751 3579 adepta
771 3503 818 3574 sit,
832 3502 882 3560 sed
904 3503 991 3560 etiam
1014 3502 1172 3560 accusandi
1185 3502 1219 3558 li-

181 3580 218 3634 to
233 3579 376 3636 centiam:
398 3581 582 3639 calamitosus
604 3580 768 3653 Deiotarus,
783 3582 831 3658 qui
853 3591 883 3639 et
904 3582 942 3639 ab
956 3601 992 3640 eo
1004 3581 1053 3657 qui
1068 3581 1098 3637 in
1113 3580 1217 3638 iisdem

233 3656 335 3714 castris
348 3658 443 3728 fuerit,
458 3679 516 3717 non
532 3657 617 3717 modii
633 3660 707 3735 apud
721 3671 760 3730 te,
772 3661 822 3718 sed
836 3659 924 3718 etiam
939 3678 956 3717 a
969 3660 1038 3728 suis,
1053 3669 1216 3716 accusetur.

232 3734 294 3792 Vos
317 3737 412 3794 vestri
433 3738 563 3795 secundi
585 3738 708 3808 fortuni,
724 3739 837 3808 Castor,
852 3756 910 3795 non
934 3738 1063 3815 potestis,
1077 3737 1140 3794 sine
1153 3756 1218 3813 pro·

232 3813 404 3891 pinquomm
418 3815 593 3887 calamitate,
607 3835 670 3874 esse
685 3817 835 3875 contentil
