2702 4464
147 339 188 399 78
454 337 591 388 ORATIO
613 338 683 388 Pao
705 338 731 397 Q
761 336 922 387 LIGARIO.

199 479 327 551 faciunt;
347 489 480 538 moveant
499 489 528 538 te
547 480 649 538 horum
668 481 812 556 lacryma,
826 490 939 538 moveat
957 479 1058 557 pietas,
1072 491 1185 539 moveat

199 559 392 635 germanitas:
413 558 507 616 valeat
519 568 570 616 tua
582 577 636 616 vox
654 559 712 629 ilia,
726 578 789 634 quae
802 559 880 617 vicit.
920 558 968 617 Te
988 559 1066 616 enim
1086 561 1185 617 dicere

200 638 397 708 audiebamus,
418 636 490 708 Nos,
507 656 607 695 omnes
628 638 803 695 adversarios
822 647 933 713 putare,
946 637 1002 695 nisi
1022 638 1071 713 qui
1091 640 1186 695 nobis-

200 735 267 773 cum
287 726 382 773 essent
392 736 400 786 ;
421 725 450 772 te
462 734 572 786 omnes,
586 716 635 790 qui
655 726 756 773 contra
774 726 804 774 te
823 736 881 773 non
901 727 1006 786 essent,
1020 726 1093 773 tuos.
1134 717 1186 775 Vi·

164 795 288 860 5desne
316 793 403 870 igitur
432 794 511 852 bunc
540 794 729 869 splendorem,
748 813 863 852 omnem
886 795 962 852 hanc
990 795 1185 852 Brocchorum

200 874 326 944 domum,
354 874 432 930 bunc
458 872 492 930 L.
517 871 673 943 Marcium,
697 873 732 930 C.
756 873 924 944 Caesetium,
952 872 986 930 L.
1013 873 1184 945 Corfidium,

200 951 287 1009 hosce
298 970 398 1009 omnes
415 951 526 1026 equites
545 950 703 1022 Romanos,
716 951 766 1026 qui
786 952 890 1008 adsunt
903 961 980 1009 veste
993 952 1113 1021 mutata,
1127 972 1185 1008 non

200 1027 293 1087 solium
312 1040 393 1088 notos
410 1029 473 1100 tibi,
488 1027 587 1087 verum
607 1029 695 1086 etiam
714 1030 845 1104 probatos
858 1030 943 1100 viros,
957 1039 1054 1086 tecum
1075 1030 1184 1087 fuisset

201 1108 298 1183 Atque
307 1109 351 1166 bis
362 1109 572 1177 irascebamur;
594 1109 645 1166 hos
654 1107 870 1183 requirebamus
880 1128 888 1178 ;
902 1108 948 1165 his
957 1108 1087 1165 nonnulli
1098 1109 1186 1165 etiam

151 1196 185 1248 10
203 1185 422 1265 [minabamur]
464 1186 611 1243 Conserva
638 1186 724 1262 igitur
750 1185 808 1242 tuis
828 1205 912 1257 suos;
941 1195 982 1256 ut,
1003 1187 1186 1260 quemadmo-

201 1265 270 1321 dum
290 1276 396 1323 caetera
413 1282 478 1340 quas
497 1264 657 1321 dictasunt
670 1273 739 1335 ate,
753 1264 796 1323 sic
810 1264 866 1323 hoc
886 1264 1064 1323 verissimum
1082 1265 1187 1341 reperi·

202 1352 274 1400 atur.

240 1420 314 1478 XII.
347 1418 440 1483 Qubd
459 1418 484 1477 si
503 1417 618 1496 penitus
637 1419 799 1496 perspicere
818 1440 916 1497 posses
935 1420 1119 1479 concordiam
1138 1421 1187 1478 Li·
1241 1471 1248 1480 .

202 1500 357 1577 gariorum,
371 1517 471 1556 omnes
488 1498 589 1556 fratres
606 1509 704 1556 tecum
724 1498 870 1575 judicares
890 1500 986 1558 fuisse.
1027 1500 1077 1557 An
1095 1510 1188 1576 potest

157 1578 186 1632 15
203 1578 353 1654 quisquam
366 1576 508 1648 dubitare,
522 1577 602 1652 quin,
616 1577 641 1635 si
660 1576 701 1638 Q.
716 1577 851 1654 Ligarius
864 1578 894 1635 in
908 1577 993 1635 Italia
1008 1598 1070 1636 esse
1083 1580 1188 1654 potuis·

204 1667 257 1728 set,
271 1657 302 1714 in
315 1656 418 1714 eidem
431 1656 574 1714 sententiis
588 1656 700 1713 fiiturus
714 1656 809 1727 fuerit,
823 1656 854 1713 in
867 1656 924 1731 quia
938 1657 1039 1714 fratres
1053 1658 1187 1715 fuerumt

203 1735 281 1797 Quis
300 1744 354 1806 est,
367 1733 417 1810 qui
436 1733 538 1792 horum
558 1753 729 1793 consensum
750 1734 959 1810 conspirantem
979 1745 1009 1792 et
1027 1734 1101 1811 pens
1122 1755 1189 1793 con·

205 1813 315 1884 flatum,
335 1813 366 1871 in
385 1813 442 1871 hac
460 1810 547 1889 propd
568 1813 730 1887 equalitate
751 1812 886 1883 fraternis,
906 1832 965 1871 non
983 1813 1112 1871 noveritt
1139 1814 1189 1889 qui

205 1893 261 1950 hoc
280 1911 337 1950 non
365 1892 480 1962 sentiat,
501 1892 613 1966 quidvis
634 1889 714 1967 pribs
735 1892 862 1949 futurum
882 1890 980 1963 fuisse,
1001 1890 1087 1966 qudm
1107 1902 1139 1949 ut
1159 1892 1190 1949 hi

153 1980 189 2034 20
206 1971 307 2028 francs
321 1971 447 2028 diversas
465 1970 622 2028 sententias
642 1969 825 2046 fortunasque
845 1972 1052 2045 sequerentur?
1082 1971 1190 2028 Volun-

205 2059 265 2107 tate
293 2048 380 2125 igitur
397 2067 507 2115 ‚omnes
526 2058 623 2106 tecum
644 2048 775 2106 fuerunt:
806 2057 974 2124 tempestate
995 2049 1128 2124 abreptus
1147 2059 1191 2106 est

206 2146 299 2197 unus;
320 2126 380 2202 qui,
401 2126 426 2184 si
446 2126 565 2185 consilio
585 2126 615 2183 id
635 2126 760 2199 fecisset,
781 2137 857 2185 esset
876 2145 975 2185 eorum
995 2127 1107 2199 similis,
1120 2147 1191 2202 quos

207 2216 239 2263 tu
252 2215 349 2263 tamen
363 2206 454 2264 salvos
468 2224 530 2262 esse
544 2205 666 2262 voluisti.
768 2260 777 2267 ,

248 2285 307 2342 Sed
327 2284 393 2342 ierit
413 2285 449 2341 ad
470 2284 596 2341 bellum:
617 2283 791 2355 discesserit,
811 2303 868 2343 non
890 2301 907 2341 a
926 2293 955 2340 te
975 2281 1077 2354 solum,
1092 2281 1192 2341 verbm

155 2372 192 2426 25
208 2364 296 2421 etiam
310 2382 328 2420 a
341 2362 492 2420 fratribus:
513 2362 544 2420 hi
557 2372 586 2420 te
598 2372 682 2420 orant
695 2362 746 2420 tui.
787 2363 940 2438 Equidem,
952 2359 1019 2420 cum
1034 2363 1090 2419 tuis
1103 2363 1193 2419 omni·

209 2443 262 2499 bus
281 2441 404 2519 negotiis
424 2442 602 2513 interessem,
616 2440 753 2498 memoria
773 2450 868 2511 teneo,
882 2440 974 2514 qualis
994 2440 1033 2497 Τ.
1047 2440 1192 2517 Ligarius,

210 2531 330 2595 quaestor
357 2522 494 2591 urbanus,
516 2520 602 2577 fuerit
627 2528 746 2595 ergata
765 2528 795 2576 et
815 2519 984 2595 dignitatem
1004 2529 1092 2577 tuam.
1133 2520 1193 2576 Sed

208 2617 310 2674 parurn
323 2608 376 2669 est,
390 2617 437 2656 me
457 2599 513 2656 hoc
532 2597 716 2654 meminisse:
737 2616 819 2673 spero
832 2598 919 2655 etiam
932 2606 971 2667 te,
987 2596 1051 2671 (qui
1063 2596 1194 2654 oblivisci

210 2677 282 2734 nihil
309 2676 393 2746 soles,
413 2675 470 2734 nisi
497 2674 626 2751 injurias,
646 2675 781 2751 quoniam
801 2677 856 2733 boc
876 2685 920 2732 est
940 2675 1039 2746 animi,
1059 2675 1194 2750 quoniam

158 2761 194 2816 30
211 2754 298 2812 etiam
319 2753 429 2830 ingenii
448 2753 505 2832 tui)
520 2764 559 2823 te,
574 2753 682 2828 aliquid
702 2754 739 2810 de
758 2753 843 2829 hujus
863 2754 912 2811 illo
930 2754 1081 2828 questoria
1099 2754 1196 2811 officio

211 2832 396 2908 cogitantem,
419 2832 506 2889 etiam
531 2832 567 2887 de
591 2831 654 2888 aliis
672 2831 843 2904 quibusdam
860 2832 1047 2907 quaestoribus
1065 2832 1196 2889 reminis-

212 2920 335 2982 centem,
356 2909 509 2968 recordari.
550 2907 611 2966 Hic
634 2908 720 2985 igitur
736 2909 785 2966 ·Τ.
806 2910 951 2987 Ligarius,
972 2910 1102 2985 quitum
1122 2909 1194 2967 nihil

212 2989 272 3066 egit
285 2988 363 3046 aliud
378 2986 485 3065 (neque
499 2986 576 3044 enim
590 2988 653 3045 haec
666 2986 826 3067 divinabat)
841 2989 898 3046 nisi
918 3000 950 3046 ut
969 2998 1001 3047 tu
1021 3007 1087 3046 eum
1108 2988 1197 3065 studi-

212 3086 293 3125 osum
313 3067 355 3124 tui
375 3076 405 3123 et
424 3068 531 3124 bonum
552 3065 644 3122 virum
661 3065 816 3141 judicares,
830 3087 910 3124 nunc
931 3086 948 3124 a
965 3076 994 3124 te
1012 3068 1128 3143 supplex
1142 3067 1197 3124 fra-

160 3158 196 3212 35
213 3145 265 3203 tris
294 3146 415 3204 salutem
444 3146 523 3222 petit.
563 3144 673 3215 Quam,
695 3144 779 3220 hujus
809 3146 971 3203 admonitus
999 3146 1105 3217 officio,
1127 3143 1196 3202 oiim

213 3224 341 3299 utrisque
367 3224 413 3282 bis
439 3223 562 3295 dederis,
583 3233 640 3281 tres
667 3223 768 3281 fratres
793 3224 914 3301 optimos
940 3235 969 3281 et
989 3223 1196 3300 integerrimos,

213 3323 271 3361 non
292 3301 384 3361 solum
404 3302 459 3360 sibi
479 3304 564 3378 ipsos,
584 3321 678 3377 neque
699 3302 744 3359 his
764 3313 805 3361 tot
826 3322 861 3361 ac
881 3302 986 3360 talibus
1006 3303 1083 3373 viris,
1103 3321 1197 3377 neque

213 3383 297 3441 uobis
309 3382 481 3440 necessariis
493 3381 563 3451 suis,
577 3380 728 3438 sedetiam
742 3381 917 3456 reipublice,
932 3382 1143 3438 condonaveris.

254 3460 316 3518 Fac
336 3460 433 3538 igitur,
447 3462 523 3536 quod
542 3460 579 3516 de
599 3460 714 3516 homine
734 3460 910 3517 nobilissimo
930 3469 959 3516 et
979 3458 1137 3516 clarissimo
1154 3457 1197 3515 M.

164 3549 199 3603 40
216 3538 356 3598 Marcello
369 3540 462 3597 fecisti
483 3558 573 3615 nuper
593 3539 623 3595 in
644 3537 735 3608 cmii,
749 3557 828 3596 nunc
849 3538 924 3595 idem
946 3538 976 3595 in
996 3538 1056 3594 foro
1076 3538 1112 3593 de
1129 3536 1198 3612 opti·

216 3618 319 3675 miset
346 3619 414 3675 huic
439 3618 518 3676 omni
548 3617 715 3691 frequentia
742 3616 949 3692 probatissimis
977 3616 1119 3673 fratribus.
1160 3615 1200 3672 Ut

217 3695 384 3754 concessisti
404 3697 485 3754 illum
505 3695 627 3766 senatui,
648 3695 691 3752 sic
711 3695 748 3752 da
771 3696 850 3752 hunc
869 3695 980 3770 populo,
1002 3693 1084 3770 cujus
1103 3694 1202 3752 volun-

216 3784 306 3831 tatem
326 3775 504 3832 carissimam
524 3793 635 3848 semper
656 3773 800 3830 habuisti:
821 3783 860 3843 et,
874 3773 898 3829 si
913 3774 962 3831 ille
975 3773 1037 3830 dies
1051 3772 1103 3828 tibi
1117 3772 1202 3848 glori·

217 3852 373 3926 osissimus,
393 3854 497 3931 populo
522 3852 657 3910 Romano
682 3851 863 3930 gratissimus
882 3850 963 3923 fuitt
981 3851 1051 3924 noli,
1071 3851 1201 3918 obsecro,
