2658 4468
153 386 212 447 122
401 384 538 437 ORATIO
560 385 631 435 PRO
651 383 683 435 Τ.
705 383 820 434 numo
841 383 991 434 MILONE.

203 528 310 606 populi,
336 529 410 588 tanti
436 529 554 588 sceleris
582 528 713 599 ultorem,
732 547 791 586 non
818 526 904 586 modb
931 526 1086 586 honoribus
1105 526 1194 586 nullis

206 608 347 680 afficietis,
374 609 534 666 sedetiam
555 609 591 665 ad
611 606 782 684 supplicium
802 606 865 683 rapi
883 606 1055 683 patieminil
1095 606 1196 664 Confi·

204 697 323 757 teretur,
337 687 531 757 confiteretur,
545 688 673 761 inquam,
687 685 712 742 si
732 685 858 755 fecisset,
872 695 902 742 et
921 703 1027 761 magno
1047 686 1144 742 animo
1163 693 1195 741 et

205 765 313 823 libente
335 785 366 823 sc
387 766 500 836 fecisse,
521 765 662 823 libertatis
680 763 810 823 omnium
830 763 937 820 causi:
966 764 1042 837 quod
1062 763 1090 820 ei
1110 761 1194 820 certe

170 854 189 907 5
205 863 264 903 nou
277 844 470 902 confitendum
485 842 570 901 modd
591 843 700 914 fuisset,
714 841 814 900 verbm
827 842 915 899 etiam
928 843 1151 919 praedicaudum.

245 922 348 980 XXX.
389 922 516 995 Etenim,
538 922 563 979 si
585 923 614 980 id
637 941 696 981 non
719 932 815 998 negat,
829 940 866 978 ex
879 939 936 995 quo
948 921 1020 978 nibil
1033 922 1113 996 petit,
1134 921 1196 978 nisi

206 1010 240 1058 ut
259 1003 440 1077 ignoscatur;
471 1001 614 1058 dubitaret
642 1001 672 1058 id
700 1000 793 1071 fateri,
814 1019 849 1058 ex
877 1018 935 1075 quo
961 999 1048 1056 etiam
1074 1000 1197 1076 praemia

206 1079 301 1137 laudis
314 1090 410 1137 essent
458 1080 566 1137 tendal
585 1079 642 1137 nisi
656 1076 724 1136 verb
738 1078 847 1155 gratius
866 1087 948 1154 putat
960 1097 1023 1134 esse
1042 1078 1132 1148 vobis,
1148 1078 1196 1135 sui

208 1178 239 1216 se
253 1158 365 1235 cepitis,
380 1099 468 1234 quld
488 1158 585 1229 vestri,
608 1158 789 1216 defensorem
809 1156 914 1227 fuisse;
935 1153 1004 1213 ciam
1023 1157 1194 1232 presertim,

155 1244 191 1298 ltl
208 1237 239 1295 iu
252 1237 288 1294 eti
301 1237 490 1310 confessione,
504 1238 529 1294 si
541 1237 617 1314 grati
636 1256 699 1294 esse
719 1235 838 1307 velletis,
853 1237 974 1293 honores
995 1246 1196 1309 assequeretur

209 1315 405 1391 amplissimos.
446 1316 480 1373 Si
500 1316 609 1374 factum
629 1315 709 1374 vobis
728 1334 786 1372 non
803 1313 983 1390 probaretur,
1015 1313 1196 1389 (quanquam

208 1394 257 1469 qui
277 1404 388 1469 poterat
414 1394 491 1452 salus
517 1413 571 1452 sua
590 1394 696 1469 cuique
722 1413 779 1452 non
805 1392 955 1469 probaril)
980 1393 1031 1449 sed
1051 1404 1147 1449 tamen
1168 1393 1195 1449 si

208 1470 305 1529 minus
318 1472 464 1530 fortissimi
476 1472 530 1530 viri
553 1471 643 1530 virtus
663 1472 775 1529 civibus
795 1481 877 1548 grata
897 1470 1066 1539 cecidisset;
1088 1489 1197 1546 magno

209 1550 305 1608 auimo
319 1551 517 1625 constantique
538 1551 655 1608 cederet
674 1569 710 1607 ex
726 1551 838 1626 ingrata
859 1548 984 1607 civitate.
1025 1547 1104 1605 Nam
1124 1549 1196 1622 quid

156 1632 191 1687 15
208 1637 284 1686 esset
309 1629 459 1706 ingratius,
488 1627 574 1704 quim
602 1627 692 1686 laetari
720 1639 848 1701 cataros,
877 1626 978 1704 lugere
1005 1645 1072 1684 eum
1092 1627 1196 1698 solum,

207 1719 320 1785 propter
333 1727 419 1783 quem
432 1708 530 1765 caeteri
542 1707 728 1765 laetarenturl

247 1786 426 1860 Quanquam
453 1787 508 1844 hoc
536 1786 633 1844 animo
662 1804 772 1861 semper
793 1785 899 1842 fuimus
925 1802 1026 1842 omnes
1046 1784 1075 1842 in
1095 1783 1197 1860 patriae

207 1865 399 1940 proditoribus
426 1865 629 1941 opprimendis,
649 1873 691 1935 ut,
712 1863 847 1938 quoniam
877 1873 973 1921 nostra
1003 1863 1099 1920 futura
1118 1873 1198 1920 esset

209 1942 309 2019 gloria,
329 1943 489 2019 periculum
509 1962 621 2017 quoque
647 1952 677 2000 et
703 1940 841 2000 invidiam
867 1951 991 2001 nostram
1019 1951 1196 2017 putaremus.

155 2026 192 2080 20
209 2021 288 2078 Nam
308 2040 372 2095 qum
392 2021 464 2078 mihi
484 2021 537 2097 ipsi
557 2021 710 2079 tribuenda
736 2021 800 2079 laus
830 2030 915 2091 esset,
936 2018 1004 2078 ciam
1032 2030 1144 2077 tantum
1165 2020 1197 2077 in

210 2100 359 2157 consulatu
373 2118 438 2158 meo
450 2119 501 2176 pro
513 2100 592 2158 vobis
607 2119 642 2158 ac
654 2100 753 2158 liberis
765 2099 866 2157 vestris
886 2119 973 2157 ausus
986 2117 1088 2170 essem,
1109 2099 1133 2154 si
1155 2100 1197 2173 id,

209 2179 286 2252 quod
306 2179 441 2249 conabar,
466 2179 528 2236 sine
554 2179 686 2236 maximis
705 2177 940 2236 dimicationibus
966 2178 1038 2235 meis
1058 2196 1105 2235 me
1131 2197 1196 2235 esse

210 2274 347 2315 ausurum
361 2257 533 2315 arbitrarerl
553 2256 631 2319 Qum
644 2257 747 2315 mulier
760 2257 932 2315 sceleratum
953 2275 989 2314 ac
1001 2257 1198 2333 perniciosum

210 2336 302 2393 civem
330 2336 464 2393 occidere
493 2355 551 2394 non
581 2337 708 2406 auderet,
739 2336 763 2392 si
792 2335 951 2412 periculum
982 2355 1040 2393 non
1060 2337 1197 2394 timeret?

155 2420 193 2475 Ἃ
209 2414 356 2491 Proposita
370 2415 489 2486 invidia,
503 2424 603 2485 morte,
616 2415 711 2510 prend,
725 2414 775 2490 qui
795 2414 886 2472 nihilo
905 2412 1023 2491 segniirs
1042 2415 1198 2490 rempubli-

210 2512 275 2551 cam
296 2494 434 2565 defendit,
456 2495 480 2551 is
500 2494 542 2550 vir
562 2512 629 2550 vere
648 2494 792 2569 putandus
812 2502 863 2550 est.
918 2492 1019 2568 Populi
1046 2494 1119 2570 grati
1141 2503 1194 2564 est,

209 2572 334 2648 praemiis
348 2572 462 2630 afficere
482 2571 557 2630 bend
572 2572 687 2629 meritos
701 2572 737 2629 de
750 2570 899 2648 republica
915 2571 1009 2641 cives3
1031 2573 1082 2629 viri
1105 2572 1194 2643 fortis,

210 2669 248 2707 ne
262 2650 408 2725 suppliciis
421 2651 538 2724 quidem
552 2651 668 2720 moveri,
682 2661 715 2706 ut
728 2649 837 2708 fortiter
852 2649 955 2707 fecisse
968 2651 1114 2725 paeniteat.

246 2727 456 2798 Quamobrem,
472 2738 599 2785 uteretur
621 2729 724 2785 eadem
748 2729 927 2786 confessione
943 2727 981 2785 T.
997 2729 1122 2799 Annius,
1137 2730 1194 2803 quit

156 2807 193 2863 30
209 2805 315 2875 Ahala,
338 2805 396 2880 qui
418 2805 610 2879 Nasica,un
632 2806 776 2882 Opimius,
791 2807 848 2883 qua
870 2805 992 2877 Marius,
1007 2808 1064 2883 quit
1084 2817 1195 2865 nosmet

209 2882 280 2958 ipsi:
301 2892 340 2952 et,
354 2883 378 2940 si
399 2893 482 2960 grata
500 2883 663 2960 respublica
682 2897 767 2957 esset,
781 2886 942 2956 laeteretur;
963 2885 988 2942 si
1009 2888 1131 2964 ingrata,
1153 2896 1195 2943 ta·

208 2979 286 3031 men,
301 2961 331 3031 in
345 2962 424 3038 gravi
439 2961 562 3032 fortuna,
577 2963 755 3021 conscientia
769 2964 821 3021 sud
836 2965 983 3022 niteretur.
1226 2978 1229 2984 '

249 3040 309 3096 Sed
323 3039 407 3114 hujus
429 3040 562 3098 beneficii
586 3041 718 3118 gratiam,
739 3042 863 3117 judices,
887 3043 1001 3101 fortuna
1019 3043 1114 3120 populi
1135 3042 1195 3101 Ro-

209 3118 298 3188 mani,
313 3128 342 3175 et
355 3128 449 3175 vestra
463 3118 595 3188 felicitas,
606 3129 634 3176 et
648 3118 699 3175 Dii
713 3120 896 3193 immortales,
908 3122 962 3178 sibi
972 3122 1071 3179 deberi
1084 3132 1193 3200 putant.

157 3199 194 3255 35
210 3196 276 3254 Nec
295 3195 364 3254 verb
384 3197 534 3273 quisquam
555 3197 637 3255 aliter
658 3199 789 3256 arbitrari
810 3211 911 3276 potest,
934 3200 990 3258 nisi
1010 3201 1060 3276 qui
1087 3201 1195 3258 nullam

209 3275 267 3332 vim
280 3295 344 3334 esse
358 3276 449 3347 ducit,
462 3295 605 3333 numenve
619 3276 767 3334 divinum:
787 3297 872 3354 quem
893 3298 987 3353 ncque
1002 3280 1114 3356 imperii
1135 3299 1195 3337 ves·

209 3355 246 3412 tri
259 3355 437 3432 magnitudo,
451 3374 544 3429 neque
564 3355 604 3412 sol
626 3354 683 3425 ille,
704 3375 760 3412 nec
780 3356 846 3413 coeli
870 3357 1072 3434 signorumque
1092 3368 1194 3428 motus,

210 3452 265 3491 nec
286 3433 497 3491 vicissitudines
517 3451 612 3490 rerum
634 3443 718 3509 atquc
738 3435 854 3493 ordines
874 3446 998 3507 movent,
1020 3455 1113 3512 neque
1140 3435 1195 3512 (id,

210 3512 286 3585 quod
307 3511 464 3568 maximum
484 3513 541 3590 est)
564 3511 702 3586 majorum
726 3522 885 3570 nostrorum
906 3513 1062 3589 sapientia;
1083 3515 1132 3590 qui
1152 3534 1197 3571 sa·

159 3588 194 3643 ld
210 3608 270 3659 cra,
285 3589 333 3663 qui
347 3588 536 3660 caerimonias,
558 3589 606 3663 qui
628 3590 766 3665 auspicia,
783 3601 813 3648 et
833 3591 885 3667 ipsi
907 3600 1087 3650 sanctissime
1102 3593 1197 3651 colue-

209 3676 286 3736 runt,
301 3676 330 3723 et
343 3666 435 3736 nobis,
450 3667 509 3724 suis
521 3667 651 3743 posteris,
664 3669 859 3744 prodiderunt.

250 3743 368 3799 XXXI.
410 3744 472 3813 Est,
487 3754 530 3801 est
551 3746 679 3819 profeetd
701 3746 751 3803 illa
764 3748 825 3804 vis:
846 3766 950 3822 neque,
966 3747 995 3806 in
1009 3749 1054 3805 his
1075 3749 1197 3825 corpori·

211 3821 265 3876 bus
285 3830 370 3893 atque
391 3820 421 3877 in
442 3823 498 3878 hac
518 3821 716 3880 imbecillitate
736 3826 843 3895 nostrii,
865 3826 939 3883 inest
958 3828 1105 3901 quiddam,
1120 3828 1197 3901 quod

210 3897 306 3973 vigeat
318 3906 348 3954 et
361 3899 482 3968 sentiat3
502 3907 532 3955 et
544 3916 601 3955 non
616 3899 690 3956 inest
703 3901 733 3957 in
748 3903 803 3960 hoc
823 3913 903 3961 tanto
923 3914 1106 3962 naturatum
1125 3924 1197 3981 prae·
