2702 4464
176 381 217 443 72
490 380 627 431 ORATIO
649 381 719 431 PRO
741 381 775 441 Q.
797 381 959 432 trenaro.

265 522 352 593 Vide,
365 543 471 599 quaeso,
491 523 621 597 Tubero,
637 534 679 597 ut,
701 525 801 600 quide
824 543 890 584 meo
909 525 987 585 facto
1007 546 1065 586 non
1087 527 1233 605 dubitem

226 601 333 672 dicere,
349 603 385 660 de
406 603 517 679 Ligarii
538 623 596 661 non
619 605 741 661 audeam
763 604 902 663 confiteri.
943 606 1042 681 Atque
1060 607 1124 663 baro
1137 626 1233 683 prop·

225 691 306 738 terea
326 682 362 738 de
376 700 422 740 me
436 682 506 753 dixi,
520 691 552 738 ut
575 682 646 739 mihi
668 682 798 754 Tubero,
821 681 888 740 oiim
903 683 939 741 de
962 703 994 741 se
1014 684 1118 741 eadem
1139 686 1232 743 dice-

225 778 297 831 rem,
325 759 503 836 ignosceret:
534 761 617 836 cujus
638 780 693 838 ego
713 761 861 819 mdustriae
882 760 1037 838 gloriaeque
1058 762 1150 835 faveo,
1173 765 1229 822 vel

193 848 337 914 5propter
370 840 556 915 propinquam
584 840 796 916 cognationem,
823 841 867 898 vel
895 839 973 914 quod
1006 841 1068 917 ejus
1098 842 1230 918 ingenio

225 917 385 991 studiisque
398 918 535 988 delector,
550 918 594 976 vel
616 917 694 993 qudd
717 919 833 976 laudem
856 919 1046 976 adolescentis
1064 921 1228 996 propinqui

176 1030 183 1035 -
225 995 357 1053 existimo
370 997 458 1054 etiam
477 997 514 1054 ad
527 1015 624 1054 meum
647 997 772 1072 aliquem
796 998 919 1054 fructum
941 999 1112 1055 redundare.
1156 1000 1227 1056 Sed

225 1074 281 1131 hoc
301 1093 407 1149 quaero,
422 1076 486 1150 quis
506 1085 587 1150 putet
608 1095 671 1133 esse
695 1076 816 1147 crimen,
841 1076 929 1133 fuisse
952 1075 982 1133 in
1006 1076 1108 1133 Africo
1129 1076 1227 1154 Liga-

225 1153 321 1211 riuml
361 1153 474 1230 Nempe
496 1155 530 1225 is,
552 1155 601 1228 qui
623 1163 653 1212 et
666 1155 726 1230 ipse
750 1154 780 1211 in
794 1154 896 1212 eddem
918 1154 1021 1211 Africa
1039 1173 1102 1212 esse
1116 1156 1224 1227 voluit,

177 1236 212 1291 10
225 1241 255 1289 et
274 1232 447 1307 prohibitum
461 1251 492 1289 se
516 1251 534 1288 a
555 1232 673 1309 Ligario
695 1233 833 1307 queritur,
847 1241 877 1290 et
898 1231 976 1290 certe
999 1243 1100 1290 contra
1121 1233 1223 1309 ipsum

226 1311 372 1367 Caesarem
386 1321 429 1368 est
442 1330 613 1387 congressus
632 1322 766 1369 armatus.
806 1311 890 1372 Quid
913 1311 1001 1381 enirn,
1016 1312 1146 1383 Tubero,
1168 1313 1225 1370 de-

226 1388 342 1446 strictus
365 1389 413 1447 ille
433 1399 500 1446 tuus
521 1389 551 1446 in
576 1389 639 1447 acie
660 1389 828 1448 Pharsalica
852 1388 965 1464 gladius
980 1391 1104 1466 agebatl
1132 1391 1223 1466 cujus

237 1477 301 1524 atus
322 1466 371 1524 ille
392 1486 493 1525 mucro
505 1468 644 1543 petebatl
664 1469 712 1542 qui
727 1487 828 1526 sensus
842 1478 904 1524 erat
922 1486 1065 1525 armorum
1079 1471 1222 1526 tuoruml

226 1565 289 1619 quae
311 1555 362 1602 tua
384 1548 488 1604 mensl
516 1547 614 1604 oculil
636 1549 760 1604 manual
789 1548 872 1604 ardor
893 1546 1002 1603 animil
1029 1547 1099 1621 quid
1119 1548 1224 1622 cupie-

177 1629 212 1682 15
226 1625 299 1681 baal
321 1624 390 1698 quid
407 1625 547 1701 optabasl
574 1626 672 1683 Nimis
693 1644 800 1703 urgeo:
822 1625 995 1682 commoveri
1015 1626 1128 1682 videtur
1151 1627 1222 1683 ado-

225 1703 355 1761 lescens:
378 1703 414 1760 ad
428 1723 475 1761 me
489 1714 631 1762 revertar:
652 1705 755 1762 iisdem
770 1704 800 1762 in
815 1703 902 1761 armis
916 1704 967 1761 sui.

266 1781 319 1839 IV.
346 1781 430 1843 Quid
453 1792 550 1839 autem
574 1784 652 1841 eliud
674 1784 796 1859 egimus,
811 1782 931 1839 Tubero
949 1781 1016 1851 nisi,
1031 1791 1063 1837 ut
1076 1783 1153 1857 quod
1167 1783 1221 1841 hic

225 1871 327 1936 potest,
354 1881 406 1919 nos
438 1864 605 1937 possemusl
643 1861 779 1923 Quorum
806 1860 893 1937 igitur
920 1860 1084 1935 impunitas,
1106 1861 1218 1932 Caesar,

226 1950 283 1996 ture
297 1940 458 1998 clementiae
481 1940 545 1998 laus
566 1950 619 2011 est,
638 1960 738 1998 eorum
760 1941 883 2016 ipsorum
907 1939 942 1994 ad
965 1939 1166 1996 crudelitatem
1189 1950 1219 1998 te

175 2025 212 2079 20
228 2028 313 2076 acuet
325 2018 436 2077 oratiol
465 2020 562 2093 Atque
576 2019 606 2077 in
622 2021 677 2077 bac
696 2019 785 2076 causi
806 2017 936 2076 nonnihil
958 2017 1103 2090 equidem,
1118 2018 1220 2076 Tube-

227 2117 268 2166 ro,
282 2098 370 2154 etiam
384 2094 537 2167 tuam,‘sed
553 2095 643 2155 multd
665 2098 758 2174 magis
780 2097 868 2173 patris
881 2095 933 2166 tui,
947 2095 1130 2170 prudentiam
1144 2097 1220 2154 desi·

227 2177 311 2245 dero;
333 2174 411 2250 qubd
432 2176 526 2247 homo,
541 2173 610 2234 crim
633 2177 751 2252 ingenio
771 2186 833 2233 tum
856 2175 943 2232 etiam
965 2174 1096 2230 doctrinis
1124 2176 1219 2232 excel·
1275 2178 1277 2185 '

227 2254 300 2325 lena,
314 2273 407 2331 genus
420 2255 476 2312 hoc
490 2273 585 2312 causae
599 2256 674 2330 quod
689 2264 773 2326 esset,
788 2273 845 2312 non
858 2252 978 2310 viderit:
1000 2272 1079 2322 nam,
1094 2253 1118 2309 si
1132 2254 1218 2311 vidis-

228 2343 281 2404 set,
295 2334 394 2409 quovis
406 2331 546 2408 prolecto,
560 2331 647 2409 qudm
662 2333 716 2391 isto
730 2334 823 2404 modo,
838 2351 855 2389 a
868 2341 897 2389 te
912 2332 960 2407 agi
972 2331 1129 2388 maluisset.

176 2421 212 2474 25
269 2413 377 2489 Argois
391 2414 537 2470 fatentem.
579 2412 647 2470 Non
661 2422 705 2470 est
726 2413 803 2470 satis.
846 2412 979 2468 Accusas
995 2429 1071 2480 eum,
1086 2410 1135 2484 qui
1150 2429 1218 2467 cau·

228 2511 289 2548 sam
312 2493 408 2564 habet,
424 2501 482 2561 aut,
497 2501 529 2549 ut
552 2512 606 2568 ego
629 2493 705 2562 dico,
720 2491 873 2548 meliorem·
890 2487 976 2564 qudm
999 2499 1040 2558 tu,
1056 2498 1115 2558 aut,
1129 2498 1162 2545 nt
1184 2498 1216 2545 tu

228 2571 279 2641 vis,
302 2590 408 2645 parem.
450 2571 525 2627 Haec
548 2590 605 2628 non
627 2569 712 2627 modo
735 2569 879 2626 mirabilia
905 2578 987 2636 sunt;
1016 2568 1067 2623 sed
1093 2568 1215 2642 prodigii

227 2649 321 2707 simile
335 2659 388 2719 est,
402 2650 478 2723 quod
492 2649 597 2706 dicam.
638 2648 707 2706 Non
731 2649 818 2705 babet
831 2666 896 2705 eam
910 2646 967 2702 vim
989 2645 1044 2702 ista
1058 2647 1215 2716 accusatio,

228 2737 260 2783 ut
285 2726 326 2788 Q.
350 2727 484 2803 Ligarius
511 2727 729 2799 condemnetur,
756 2728 807 2784 sed
835 2735 867 2783 ut
893 2735 1020 2782 necetur.
1062 2723 1129 2781 Hoc
1157 2725 1216 2800 egit

177 2812 213 2867 30
228 2805 299 2861 civis
326 2804 478 2862 Romanus
504 2815 570 2862 ante
598 2816 627 2862 te
650 2824 743 2863 nemo.
792 2804 912 2861 Externi
939 2803 986 2859 isti
1012 2812 1079 2858 sunt
1105 2820 1214 2860 mores:

228 2903 318 2958 usque
333 2884 369 2940 ad
383 2884 554 2959 sanguinem
569 2884 685 2941 incitari
706 2884 778 2941 solet
798 2883 897 2939 odium
920 2890 969 2938 aut
981 2881 1086 2938 levium
1101 2881 1215 2938 Graeco-

227 2981 302 3032 rum,
327 2971 376 3019 aut
404 2962 573 3019 immanium
602 2962 795 3020 barbarorum.
836 2960 915 3017 Nam
942 2960 1011 3033 quid
1033 2958 1111 3015 aliud
1134 2960 1214 3035 agisl

228 3050 260 3098 ut
273 3040 376 3098 Romae
390 3060 427 3097 ne
441 3040 498 3097 sitl
520 3051 552 3098 ut
565 3041 650 3099 domo
663 3041 781 3098 careatl
802 3059 840 3098 ne
854 3058 921 3097 oum
943 3037 1056 3113 optimis
1071 3038 1213 3110 fratribus,

228 3139 265 3177 ne
290 3138 357 3176 cum
380 3121 436 3176 hoc
458 3119 497 3176 Τ.
523 3119 663 3191 Broccho,
679 3119 821 3177 avunculo
844 3138 905 3188 suo,
919 3136 956 3174 ne
978 3134 1045 3173 cum
1063 3116 1125 3189 ejus
1147 3116 1213 3188 filio,

176 3201 213 3256 35
229 3199 399 3256 consobrino
412 3217 474 3269 suo,
489 3219 525 3257 ne
539 3199 700 3269 nobiscum,
715 3199 810 3255 vivatl
832 3216 870 3254 ne
884 3196 921 3253 sit
939 3195 968 3252 in
981 3193 1094 3270 patridl
1135 3193 1213 3252 Num

228 3280 291 3335 estl
319 3296 389 3335 num
414 3288 507 3354 potest
533 3278 626 3354 magis
653 3296 752 3336 carere
774 3276 819 3334 his
839 3274 981 3343 omnibus,
1005 3269 1092 3345 qudm
1114 3277 1213 3331 caretl

228 3356 314 3414 Italis
328 3357 504 3433 prohibetur,
519 3357 638 3414 exsulat
679 3355 748 3413 Non
762 3364 793 3412 tu
807 3373 876 3430 ergo
890 3353 967 3409 hunc
988 3351 1080 3426 patriai
1094 3351 1213 3426 privare,

227 3437 284 3510 qud
307 3446 396 3507 caret,
419 3436 470 3493 sed
493 3436 562 3506 vitai,
577 3435 628 3493 vis.
671 3436 712 3492 At
726 3434 812 3503 istud,
839 3452 876 3489 ne
904 3430 1072 3505 apudeum
1099 3430 1214 3503 quidem

229 3515 408 3585 dictatorem,
431 3515 480 3589 qui
501 3533 610 3584 omneS,
632 3533 703 3589 quos
725 3513 834 3581 oderat,
853 3518 943 3566 morte
965 3507 1114 3576 multabat,
1142 3509 1214 3580 quis-

178 3604 214 3660 4ο
229 3612 315 3666 quam
329 3594 389 3669 egit
403 3594 457 3651 isto
469 3593 561 3650 modo.
603 3591 669 3668 Ipse
680 3591 800 3667 jubebat
820 3587 924 3655 occidi,
939 3586 1018 3642 nullo
1038 3585 1212 3660 postulante:

228 3672 353 3746 praemiis
366 3671 454 3728 etiam
468 3671 615 3728 invitabat.
655 3670 733 3732 Qum
747 3679 843 3725 tamen
868 3663 1031 3733 crudelitas
1048 3662 1084 3717 ab
1104 3663 1212 3735 eodem,

230 3749 337 3824 aliquot
364 3749 447 3807 annis
472 3749 547 3826 pbst,
575 3768 661 3824 quern
687 3766 767 3805 nunc
790 3744 936 3802 crudelem
963 3760 1026 3798 esse
1052 3741 1105 3811 vis,
1127 3741 1213 3798 vindi·
1254 3781 1265 3789 -

230 3838 297 3884 cata
310 3837 362 3885 est.
591 3835 593 3841 ’
