2702 4464
133 372 171 432 18
216 412 230 449 Ι.
370 368 507 419 ORATIO
529 368 564 417 11.
587 369 626 418 IN
648 368 680 418 L.
703 369 916 419 CATILINAM.

197 436 277 567 ΙΙΙΙ.
299 509 401 585 Itaque
412 529 466 586 ego
479 511 558 567 illum
570 511 739 578 exercitum,
748 528 807 587 prae
818 512 980 570 Gallicanis
987 513 1160 590 legionibus,

180 599 209 646 et
221 589 276 645 hoc
290 589 406 645 delectu
416 607 502 663 quem
512 590 541 645 in
552 608 619 665 agro
630 589 741 648 Piceno
749 601 778 646 et
789 590 904 648 Gallico
913 591 954 653 Q.
966 590 1102 650 Metellus
1112 594 1162 650 ha·

181 666 253 739 buit,
262 676 291 723 et
302 667 346 724 his
355 667 518 742 copiisque
531 668 641 725 anobis
649 669 776 743 quotidie
785 679 998 745 comparantur,
1007 688 1161 747 magnope-

181 744 212 801 τὲ
225 754 390 816 contemno,
402 745 558 802 collectum
572 765 609 803 ex
623 747 740 803 senibus
754 747 923 822 desperatis,
933 767 969 805 ex
981 749 1086 825 agresti
1099 748 1161 806 luir-

148 830 166 882 5
182 823 255 893 uriai,
269 843 306 880 ex
320 823 436 881 rusticis
449 824 660 895 decoctoribus,
675 845 711 881 ex
725 825 828 900 iis‚qui
841 826 1005 883 vadimonia
1018 828 1161 898 deserere,

181 900 268 976 quiam
290 902 370 959 illum
391 902 561 973 exercitum,
576 904 756 974 maluerunt3
777 903 882 979 quibus
896 923 951 981 ego
964 923 1021 963 non
1037 904 1122 962 modo
1137 905 1162 962 si

182 979 277 1037 aciem
287 981 431 1037 exercitiis
443 981 541 1051 nostri,
554 979 652 1038 veriam
663 982 751 1038 etiam
759 982 784 1039 si
792 982 921 1039 edictum
930 983 1058 1058 praetoris
1067 995 1163 1041 osten·

181 1059 260 1130 dero,
275 1060 440 1117 concident.
481 1059 555 1129 Hos,
563 1079 635 1134 quos
645 1060 729 1117 rideo
739 1061 857 1118 volitare
873 1061 902 1117 in
918 1062 988 1134 foro,
1000 1082 1071 1137 quos
1085 1073 1162 1118 stare

181 1137 218 1193 ad
232 1138 353 1208 curiam,
365 1157 435 1213 quos
445 1134 533 1194 atiani
545 1138 573 1194 in
586 1148 718 1196 senatum
729 1140 827 1196 venire
840 1159 847 1208 ;
868 1139 917 1214 qui
928 1141 1022 1197 nitent
1033 1159 1163 1218 unguen·

132 1217 167 1272 10
181 1215 229 1286 tis,
237 1216 286 1290 qui
297 1216 408 1292 fulgent
422 1217 557 1291 purpurat,
568 1217 682 1273 mallem
694 1236 794 1274 secum
804 1237 870 1275 suos
881 1219 987 1275 milites
997 1220 1161 1276 eduxisset:

181 1294 265 1368 quisi
277 1293 326 1351 hic
337 1304 517 1370 permanent,
527 1305 711 1365 mementote,
720 1313 777 1352 non
789 1306 848 1352 tam
856 1297 1019 1354 exercitum
1031 1297 1111 1353 illurn
1120 1315 1164 1353 es·

181 1370 1174 1450 senobis,qudrnhos,quiexercitumdeseruerunt,pertimescendos.'

221 1451 318 1525 Atque
333 1452 389 1508 hoc
403 1451 490 1506 etiam
504 1462 572 1507 sunt
584 1450 706 1508 timendi
721 1451 822 1528 magis,
836 1450 924 1527 quod,
939 1453 1008 1528 quid
1023 1453 1162 1529 cogitent,

181 1547 228 1585 me
249 1529 324 1586 scire
344 1529 483 1599 sentiunt,
504 1549 598 1604 neque
618 1539 716 1586 tamen
738 1541 947 1605 permoventur.
988 1532 1093 1602 Video,
1114 1531 1163 1588 oui

133 1605 167 1658 15
182 1608 290 1682 Apulia
302 1608 337 1666 sit
347 1608 493 1677 attributa,
502 1609 550 1681 qui
560 1608 665 1665 habeat
674 1608 830 1678 Etruriam,
839 1609 888 1682 qui
898 1628 998 1685 agrum
1010 1610 1163 1680 Picenum,

181 1685 229 1762 qui
251 1687 406 1755 Gallicum,
421 1686 470 1761 qui
490 1686 545 1743 sibi
567 1687 618 1743 bas
641 1687 765 1743 urbanas
787 1687 906 1755 insidias
920 1688 1008 1744 credis
1024 1699 1108 1762 atque
1123 1689 1164 1744 in-

182 1764 352 1821 cendiorum
367 1764 582 1839 depoposcerit:
603 1765 701 1822 omnia
715 1765 869 1840 superioris
884 1766 977 1822 noctis
992 1766 1113 1822 consilia
1127 1765 1164 1821 ad

182 1860 228 1898 me
251 1843 346 1900 delata
368 1861 431 1899 esse
453 1842 601 1901 sentiunt:
628 1843 754 1918 patefeci
777 1843 807 1899 in
829 1853 932 1899 senatu
953 1844 1087 1901 hesterno
1107 1843 1163 1900 die.

183 1919 311 1977 Catilina
332 1920 392 1996 ipse
413 1921 576 1996 pertimuit;
597 1921 739 1996 profugit:
768 1921 798 1977 bi
819 1921 886 1995 quid
908 1922 1097 1997 exspectantl
1119 1939 1164 1978 nae

132 1995 168 2049 20
183 1998 223 2054 illi
248 2000 432 2056 vehementer
453 2010 560 2070 errant,
581 1999 606 2056 si
627 1999 705 2056 illam
725 2017 820 2056 meam
841 1999 993 2075 pristinam
1014 2000 1165 2058 lenitatem

129 2132 139 2147 Ἰ
181 2087 348 2152 perpetuam
363 2087 479 2152 sperant
493 2077 626 2134 futuram.
648 2094 662 2153 ,⁹

109 2190 146 2209 a.
222 2154 275 2212 lV.
309 2156 399 2216 Quod
419 2155 666 2231 exspectavi,jam
688 2174 752 2212 sum
775 2166 934 2226 assecutus,
950 2166 981 2213 ut
1000 2175 1050 2213 vos
1063 2174 1165 2212 omnes

183 2232 289 2290 factam
303 2253 367 2291 esse
382 2233 480 2310 aperte
496 2234 725 2310 conjurationem
743 2245 844 2292 contra
862 2234 1070 2310 rempublicam
1088 2234 1166 2290 vide-

183 2312 268 2381 retis3
291 2312 345 2369 nisi
361 2311 428 2370 verb
443 2313 467 2370 si
481 2314 545 2387 quis
559 2314 671 2389 est,qui
686 2313 820 2371 Catilinae
831 2313 940 2368 similes
954 2331 1021 2369 cum
1036 2312 1166 2369 Catilina
1233 2315 1234 2318 ’

132 2388 288 2447 assentire
311 2410 368 2448 nou
391 2402 478 2467 patet.
521 2391 588 2449 Non
604 2392 720 2467 estjam
733 2392 845 2448 lenitati
858 2391 940 2449 locus
953 2409 959 2448 :
985 2391 1166 2446 severitatem

182 2487 229 2524 res
251 2469 313 2544 ipsa
337 2470 455 2546 flagitat.
498 2470 596 2528 Unum
618 2471 705 2528 etiam
732 2467 811 2527 nun'c
833 2469 1011 2526 concedam:
1039 2478 1164 2538 exeant3

182 2547 402 2622 proficiscantur
412 2567 419 2617 ;
430 2568 481 2605 sne
496 2549 640 2624 patiantur
651 2549 794 2605 desiderio
805 2548 849 2604 sui
861 2547 1019 2604 Catilinam
1029 2548 1166 2603 miserum
1256 2564 1261 2569 ’

183 2626 341 2683 tabescere.
384 2626 595 2684 Demonstrabo
610 2628 678 2683 iter:
702 2626 823 2682 Aurelia
838 2625 884 2680 viri
899 2625 1043 2700 profectus
1057 2635 1117 2680 est:
1132 2623 1165 2679 ‘si

186 2703 350 2760 accelerare
365 2704 469 2773 volent,
482 2705 517 2759 ad
532 2723 677 2779 vesperam
690 2713 911 2777 consequentur.
949 2701 978 2757 0
994 2702 1166 2759 fortunatam

134 2785 170 2840 30
184 2781 404 2856 rempublicam,
419 2782 443 2838 si
458 2782 575 2855 quidem
588 2783 664 2837 lianc
678 2780 823 2836 sentinam
838 2778 924 2853 hujus
938 2778 1017 2835 urbis
1032 2779 1165 2853 ejecerit!

185 2858 251 2917 Uno
266 2858 461 2936 (mehercule)
478 2858 604 2915 Catilina
618 2859 767 2928 exhausto,
778 2858 903 2914 relevata
914 2857 985 2913 mibi
999 2866 1028 2912 et
1037 2867 1168 2914 recreata

185 2937 350 3012 respublica
364 2937 485 2993 videtur.
525 2935 608 2997 Quid
631 2937 708 2992 enirn
733 2935 801 2992 mali
824 2948 872 2991 aut
894 2935 1012 2991 sceleris
1033 2935 1102 3010 fingi
1118 2943 1168 2990 aut

185 3015 342 3091 excogitari
364 3026 467 3090 potest,
481 3015 555 3089 qaod
571 3033 627 3071 non
644 3014 690 3070 ille
705 3013 894 3089 conceperitl
914 3013 978 3087 quis
1000 3014 1059 3070 total
1081 3011 1166 3069 ltalia

186 3093 342 3163 veneticus,
356 3093 421 3167 quis
439 3094 588 3169 gladiator,
602 3092 666 3166 quis
680 3092 760 3162 latro,
775 3091 839 3167 quis
853 3091 984 3160 sicarius
999 3092 1063 3165 quis
1079 3089 1168 3166 parri·

135 3181 172 3236 35
186 3172 263 3241 cirla,
277 3172 342 3247 quis
355 3182 590 3229 testamentorum
606 3170 833 3246 salrjeetor,quis
847 3170 1092 3244 circumscriptor,
1103 3168 1167 3242 quis

186 3269 290 3326 ganeo,
312 3251 376 3326 quis
399 3269 496 3325 nepos
518 3249 581 3324 quis
603 3249 724 3318 adulter,
748 3268 812 3323 quae
835 3249 937 3304 mulier
957 3248 1082 3317 infamis,
1104 3247 1168 3321 quis

187 3340 337 3405 corruptor
356 3328 524 3405 juventutis
546 3327 610 3403 quis
629 3335 791 3402 corruptus,
805 3326 869 3400 quis
892 3326 1031 3401 perditus,
1046 3323 1167 3381 inveniri

187 3418 291 3482 potest,
306 3408 353 3482 qui
369 3427 400 3465 se
415 3426 482 3463 cum
504 3405 632 3464 Catilina
652 3424 709 3462 non
725 3402 947 3462 familiarissime
961 3404 1066 3460 vixisse
1082 3403 1170 3459 fatea-

188 3487 257 3542 turt
283 3486 361 3548 Quae
376 3487 471 3542 eredes
485 3505 534 3560 per
549 3485 636 3541 hosce
659 3502 750 3540 annos
771 3482 833 3540 sine
849 3483 896 3540 illo
911 3484 988 3539 facta
1001 3484 1068 3539 estl
1092 3481 1168 3556 quod

139 3570 174 3626 40
189 3563 331 3620 nefarium
352 3575 481 3639 stuprum
503 3583 560 3621 non
581 3583 631 3639 per
653 3563 756 3619 illuml
787 3562 854 3619 Jam
874 3559 944 3618 verb
965 3580 1028 3635 quae
1042 3571 1124 3618 tanta
1139 3560 1169 3615 in

190 3642 249 3698 ullo
265 3661 391 3716 unquam
406 3642 521 3700 homine
532 3641 691 3717 juventutis
705 3640 842 3698 illecebra
856 3639 918 3708 fuit,
932 3650 1039 3714 quanta
1054 3640 1083 3696 in
1099 3638 1169 3694 illul

190 3720 240 3796 qui
251 3720 321 3776 alios
333 3720 392 3796 ipse
405 3722 518 3777 amabat
529 3717 704 3796 turpissime,
717 3719 836 3776 aliorum
848 3716 937 3774 amori
949 3713 1169 3793 flagitiosissime

190 3798 342 3868 serviebat,
365 3798 429 3855 aliis
451 3798 575 3854 fractum
595 3798 760 3868 libidinum,
782 3797 845 3854 aliis
866 3805 986 3852 mortem
1007 3792 1170 3870 parentiam,

190 3896 248 3936 non
271 3874 356 3936 modo
371 3875 554 3954 impellendo,
569 3873 771 3934 verumetiam
786 3873 958 3951 adjuvando,
971 3870 1170 3949 pollicebatur.
