2702 4464
149 375 188 433 16
415 373 552 422 ORATIO
572 373 607 422 ll.
630 373 667 421 IN
690 372 720 420 L.
738 371 950 420 CATILINAM.

195 515 275 590 rique
286 513 443 590 jactantur,
458 514 482 571 si
504 533 607 588 aquam
628 515 754 589 gelidam
779 513 913 585 biberint,
935 512 1028 590 primo
1051 514 1170 570 relevari

195 594 337 663 videntur,
349 591 454 649 deinde
466 591 555 650 multo
569 590 684 668 graviiis
706 590 958 667 vehementiusque
979 592 1151 648 afflictantur
1162 611 1170 661 ;

196 672 239 728 sic
253 671 301 728 hic
315 670 439 735 morbus,
449 671 497 745 qui
508 672 590 727 estin
604 670 763 745 republicis,
774 670 915 741 relevatus
926 670 1008 727 istius
1017 670 1114 745 poenii,
1124 689 1171 726 ve·

197 747 372 818 hementiiis,
387 749 457 804 vivis
471 748 597 822 reliquis,
612 748 826 823 ingravescat

164 830 182 882 5
208 854 217 885 i
235 827 347 897 Quare,
362 826 463 883 Patres
477 825 651 901 Coiiscripti,
665 827 803 883 secedant
817 825 955 901 improbi;
976 836 1130 883 secernant
1138 844 1170 882 se

198 906 327 974 abonis3
350 923 441 962 unum
461 904 601 961 inlocum
616 914 847 979 congregentur;
868 923 950 962 muro
973 904 1097 979 denique
1113 904 1167 979 (id,

184 985 272 1059 ,quod
286 1002 361 1059 saepe
373 983 433 1059 jam
448 983 521 1059 dixi)
537 992 724 1040 secernantur
739 982 871 1039 anobis:
893 982 1027 1039 desinant
1041 983 1169 1039 insidiari

197 1062 274 1119 dorni
288 1080 346 1118 suae
361 1061 482 1132 consuli,
496 1061 684 1118 circumstare
694 1060 819 1117 tribunal
833 1061 960 1136 praetoris
974 1060 1086 1130 urbani,
1096 1061 1170 1117 obsi·

196 1140 265 1197 dere
275 1156 346 1197 ‘cuin
356 1140 460 1215 gladiis
471 1139 591 1209 curiam,
602 1139 747 1196 malleolos
757 1148 789 1194 et
796 1138 874 1195 faces
885 1140 921 1195 ad
936 1138 1170 1196 inflammandam

148 1215 182 1269 10
197 1219 297 1275 urbem
312 1236 493 1292 comparare:
515 1218 551 1274 sit
565 1217 688 1290 denique
702 1216 870 1290 inscriptum
885 1217 914 1273 iu
929 1218 1020 1274 fronte
1034 1216 1170 1274 uniuscu-
1203 1231 1205 1235 '
1276 1236 1281 1251 ¹

202 1296 314 1370 jusque,
325 1296 393 1370 quid
404 1296 440 1352 de
451 1295 597 1371 republica
608 1295 720 1351 sentiat.
755 1294 896 1351 Pollicear
907 1295 962 1352 hoc
972 1295 1060 1364 vobis,
1070 1295 1169 1352 Patres

197 1374 370 1449 Conscripti,
384 1383 493 1430 tantam
508 1373 537 1430 in
551 1372 633 1430 nobis
647 1371 812 1429 consulibus
825 1372 885 1429 fore
905 1372 1094 1448 diligentiam,
1108 1382 1170 1429 tan-

196 1461 256 1508 tam
270 1453 299 1509 in
314 1452 393 1509 vobis
408 1452 616 1520 auctoritatem,
630 1460 739 1506 tantam
754 1449 784 1506 in
798 1450 942 1524 equitibus
962 1449 1103 1507 Romanis
1116 1452 1170 1507 vir·

196 1540 297 1602 tutem,
311 1540 420 1587 tantam
435 1530 465 1586 in
484 1528 617 1586 omnibus
637 1527 718 1585 bonis
739 1528 965 1598 consensionem,
980 1538 1021 1597 ut,
1035 1526 1169 1585 Catilina

149 1605 182 1658 15
196 1610 381 1684 profectione,
394 1608 492 1665 omnia
510 1607 664 1683 patefacta,
686 1606 836 1677 illustrata,
856 1625 999 1682 oppressa,
1013 1606 1169 1678 vindicata,

197 1708 260 1745 esse
274 1686 402 1744 videatis.

236 1766 328 1822 Hisce
341 1764 495 1835 ominibus,
510 1763 646 1835 Catilina,
661 1783 727 1820 cum
742 1761 854 1820 summa
864 1762 1028 1838 reipublicae
1040 1762 1131 1819 salute
1141 1770 1169 1819 et

197 1863 264 1902 cuin
278 1845 328 1901 tud
340 1853 420 1920 peste
435 1862 469 1899 ac
479 1842 616 1918 pernicie,
628 1860 751 1916 cumque
762 1859 860 1898 eorum
871 1841 958 1897 exitio
967 1841 1016 1915 qui
1030 1860 1061 1896 se
1072 1850 1169 1897 tecum

196 1922 274 1979 omni
288 1922 397 1979 scelere
409 1921 619 1996 parricidioque
630 1919 796 1995 junxerunt,
807 1918 989 1994 proficiscere
1000 1919 1036 1974 ad
1050 1918 1170 1994 impium
1255 1944 1265 1975 i,

146 2005 182 2059 20
196 2001 304 2058 bellum
319 2019 353 2059 ac
373 1999 523 2057 nefarium.
565 1997 700 2068 Tamtu,
724 1997 847 2072 Jupiter,
869 1997 918 2071 qui
941 1996 1053 2067 iisdem,
1067 1997 1171 2071 quibus

198 2080 260 2136 haec
274 2078 352 2148 urbs,
367 2078 502 2153 auspiciis
517 2075 671 2134 aRomulo
681 2095 712 2132 es
723 2075 894 2133 constitutus
906 2095 913 2144 ;
934 2093 1019 2150 quem
1028 2075 1170 2131 Statorem
1255 2086 1263 2125 ‹ss

151 2211 158 2225 ,
197 2157 282 2232 hujus
302 2157 381 2213 urbis
402 2166 486 2230 atque
509 2154 622 2230 imperii
645 2152 711 2212 verri
735 2154 935 2222 nominamus;
963 2154 1041 2210 hunc
1064 2161 1093 2210 et
1120 2153 1172 2210 hu·
1260 2192 1263 2201 ›

201 2235 248 2310 jus
268 2235 392 2292 sociosa
411 2235 469 2291 tuis
483 2234 539 2291 aris
553 2233 722 2308 caterisque
741 2232 863 2307 templis,
889 2251 906 2288 a
928 2232 1013 2289 tectis
1036 2231 1115 2288 urbis
1136 2250 1172 2288 ac

133 2366 139 2379 ,
196 2313 349 2383 moenibus,
364 2332 381 2370 a
394 2312 453 2369 vitia
468 2311 644 2386 fortunisque
655 2312 761 2368 civium
772 2311 911 2380 omnium,
922 2309 1050 2367 arcebis:
1072 2319 1101 2366 et
1113 2328 1172 2366 om·
1237 2339 1238 2343 κ
1254 2314 1260 2331 ’

146 2395 182 2448 25
196 2412 248 2450 nes
262 2392 393 2449 inimicos
414 2392 562 2460 bonorum,
583 2390 678 2447 hostes
696 2388 805 2464 patriae,
819 2388 943 2446 latrones
967 2386 1069 2459 Italiae,
1083 2388 1173 2445 scele-

196 2490 260 2528 rum
274 2471 381 2528 foedere
395 2470 469 2527 inter
483 2488 514 2526 se
529 2487 564 2525 ac
577 2467 688 2525 nefaria
708 2465 846 2523 societate
866 2466 1043 2543 conjunctos,
1058 2465 1172 2523 aetemis

196 2549 343 2626 suppliciis
358 2549 434 2606 sivos
448 2556 629 2622 mortuosque
642 2544 791 2601 mactabis.
811 2562 831 2627 ,'

526 2927 756 3008 ORATIO
790 2927 847 3006 ΙΙ.

669 3130 696 3164 ltt

428 3271 484 3346 L.
522 3270 938 3346 CATILINAM.

241 3500 286 3625 ,l

202 3646 335 3716 audaciai,
349 3647 444 3703 scelus
466 3648 657 3715 anhelantem,
671 3655 780 3721 pestem
803 3643 901 3719 patriae
925 3639 1035 3700 nelarie
1059 3641 1177 3698 molien-

153 3729 187 3783 30
202 3734 270 3794 tem,
286 3723 364 3780 vobis
379 3734 462 3797 atque
476 3725 544 3781 liuic
559 3724 623 3781 urbi
646 3724 751 3780 ferrum
765 3722 966 3796 flammamque
984 3720 1175 3785 minitantem,

203 3821 239 3860 ex
251 3803 323 3858 urbe
337 3801 380 3857 vel
395 3801 542 3876 ejecimus,
556 3803 601 3860 vel
616 3802 772 3872 emisimus,
787 3801 841 3870 vel,
857 3800 948 3875 ipsum
969 3797 1176 3874 egredientem,

203 3880 562 3956 verbisprosecutisumus.
604 3881 697 3952 Abiit,
708 3879 840 3951 excessit,
850 3877 951 3947 evasit,
962 3875 1064 3949 erupit.
1105 3872 1178 3930 Nul-

300 3567 439 3631 Tannum
463 3568 625 3644 aliquando,
637 3566 781 3636 Quirites,
801 3565 834 3623 L.
850 3563 1018 3633 Catilinam,
1033 3562 1174 3620 furentem
