2702 4464
395 362 532 411 omno
554 363 589 411 11.
611 362 650 411 nr
673 363 703 412 n.
727 352 940 413 cA't‘lLINAM.
1164 366 1201 424 17

176 505 206 563 la
216 505 275 581 jam
288 504 431 581 pernicies
446 525 463 563 a
476 515 603 562 monstro
616 505 665 562 illo
679 515 763 579 atque
777 505 907 581 prodigio
921 505 1064 562 moenibus
1085 504 1154 581 ipsis

177 585 252 641 intra
265 584 372 640 moenia
386 584 606 660 comparabitur.
648 584 745 659 Atque
760 584 838 640 hunc
852 583 968 658 quidem
988 603 1088 650 unum,
1103 585 1155 639 bn-

173 662 221 738 jus
235 663 302 719 belli
316 663 466 719 domestici
486 663 602 732 ducem,
616 660 679 718 sine
700 662 893 721 controversiis
912 661 1042 718 vicimus.
1083 661 1153 719 Non

175 742 253 797 enim
272 741 332 815 jam
355 741 428 797 inter
449 741 539 797 latera
561 750 657 797 nostra
678 740 739 796 sica
764 739 812 796 illa
833 726 1010 797 versidbitur:
1039 759 1096 797 non
1122 739 1152 795 in

176 819 297 894 Campo,
312 839 369 875 non
385 818 414 875 in
429 819 499 888 foro,
514 837 572 874 non
587 819 616 874 in
632 818 724 888 curia,
739 836 796 874 non
812 818 936 892 denique
950 819 1025 874 intra
1044 814 1154 875 domcs'·
1185 814 1203 865 5

175 897 248 954 ticos
261 898 395 972 parietes,
410 897 656 972 pertimescemus.
698 895 778 953 Loco
792 894 839 952 ille
854 906 947 953 motus
960 906 1013 967 est,
1028 894 1096 954 crim
1111 908 1154 955 est

176 995 212 1032 ex
227 976 297 1032 urbe
312 976 466 1050 depulsus:
487 973 583 1050 paldm
601 974 663 1049 jam
683 993 750 1031 cum
765 975 856 1044 hoste,
871 975 950 1032 nullo
970 975 1154 1050 impediente,

176 1054 284 1110 bellum
302 1053 411 1129 justum
432 1071 573 1128 geremus.
616 1053 686 1109 Sine
700 1053 788 1109 dubio
802 1052 978 1128 perdidimus
999 1053 1155 1124 hominem,

175 1130 389 1207 magnificeque
403 1131 534 1200 vicimus,
546 1128 614 1187 crim
626 1131 706 1186 illum
721 1150 757 1186 ex
770 1131 892 1188 occultis
906 1130 1018 1188 insidiis
1032 1131 1061 1187 in
1077 1150 1156 1207 aper·

175 1219 237 1267 tum
252 1209 434 1266 latrocinium
449 1208 635 1284 conjecimus.
676 1207 768 1269 Quod
783 1206 850 1265 verb
862 1228 920 1265 non
932 1219 1083 1266 cruentum
1096 1228 1156 1266 mu·
1170 1209 1205 1262 10

177 1298 293 1343 ornnem
318 1285 363 1363 (ut
385 1287 486 1364 voluit)
512 1287 623 1357 extulit,
645 1284 722 1361 qudd
748 1287 818 1343 vivis
842 1286 926 1343 nobis
947 1306 1080 1363 egressus
1100 1297 1155 1360 est,

176 1363 251 1440 quiid
267 1366 294 1422 ei
308 1365 413 1422 ferrum
428 1365 464 1421 de
476 1365 609 1421 manibus
619 1365 799 1435 extorsimus
809 1363 886 1440 quod
899 1365 1057 1421 incolumes
1067 1365 1154 1432 cives,

176 1441 252 1517 quiid
267 1453 390 1500 stantem
405 1443 505 1500 urbem
519 1443 649 1517 reliquit;
670 1453 777 1517 quanto
797 1443 913 1499 tandem
936 1442 1014 1500 illum
1034 1463 1156 1500 moerore

97 1535 99 1540 '
177 1522 313 1578 afflictum
328 1540 391 1578 esse
405 1531 434 1577 et
447 1521 628 1597 profligatum
644 1521 768 1596 putatisl
810 1521 896 1577 lacet
917 1521 963 1577 ille
985 1541 1064 1578 nunc
1078 1541 1156 1596 pros-

176 1609 277 1672 tratus,
291 1600 434 1670 Quirites,
448 1610 522 1656 etse
536 1599 701 1674 perculsum
716 1609 800 1674 atque
816 1599 960 1674 abjectum
974 1618 1037 1656 esse
1051 1600 1154 1669 sentit3
1171 1611 1206 1665 15

176 1688 206 1735 et
219 1689 362 1752 retorquet
380 1678 479 1734 oculos
499 1675 629 1753 prosectd
644 1696 719 1752 saepe
740 1678 775 1733 ad
798 1678 874 1734 banc
895 1678 1005 1747 urbem,
1020 1697 1106 1752 quam
1120 1697 1157 1735 ex
1215 1700 1220 1707 ·

176 1756 237 1813 suis
250 1757 383 1813 faucibus
403 1766 531 1830 ereptam
552 1774 615 1811 esse
636 1755 732 1831 luget3
753 1774 816 1830 quae
837 1755 953 1830 quidem
974 1756 1065 1812 laetari
1087 1755 1157 1812 mibi

177 1834 298 1906 videtur,
314 1831 390 1910 qudd
405 1845 516 1891 tantam
530 1844 640 1909 pestem
653 1835 819 1903 evomuerit,
836 1834 965 1908 forasque
979 1834 1141 1910 projecerit.

143 1956 149 1967 ,
187 1938 198 1991 s
217 1911 257 1968 ΙΙΙ
289 1914 339 1982 At,
355 1913 379 1968 si
393 1912 457 1987 quis
471 1922 515 1969 est
525 1912 591 1968 talis
602 1910 714 1989 (quales
725 1931 788 1968 esse
798 1931 898 1968 omues
911 1913 1085 1991 oportebat),
1097 1911 1155 1987 qui,

178 2009 209 2046 m
224 1991 279 2048 boc
294 1991 365 2066 ipso,
381 1992 409 2047 in
423 2010 480 2065 quo
493 1990 617 2047 exsultat
637 1999 666 2046 et
686 1990 842 2065 triumphat
855 1990 946 2047 oratio
961 2009 1035 2060 mea,
1050 2009 1096 2046 me
1110 2010 1157 2047 ve·
1170 1997 1207 2050 20
1242 1981 1246 2004 i

121 2093 124 2100 ·
178 2070 327 2126 hementer
342 2079 470 2139 accuset,
484 2065 562 2143 qudd
583 2077 642 2125 tam
664 2068 816 2143 capitalem
831 2069 941 2125 hostem
956 2088 1012 2125 uon
1028 2087 1157 2144 compre·

177 2147 326 2205 benderim
342 2146 446 2222 potiris,
460 2145 546 2223 qudm
568 2147 730 2215 emiserim,
751 2166 809 2204 non
831 2156 876 2203 est
896 2146 950 2202 ista
974 2166 1038 2203 mea
1061 2147 1156 2222 culpa,

177 2224 320 2295 Quirites,
333 2226 382 2281 sed
397 2235 565 2300 temporum.
607 2225 815 2300 Interemptum
830 2245 892 2282 esse
904 2225 937 2281 L.
950 2225 1117 2296 Catilinam,
1128 2234 1158 2281 et
1237 2272 1249 2293 ,

178 2303 346 2378 gravissimo
360 2303 500 2378 supplicio
515 2303 659 2373 affectum,
671 2303 843 2378 jampridem
856 2303 1018 2378 oportebat;
1041 2303 1125 2377 idque
1141 2321 1158 2359 a

179 2399 226 2436 me
240 2391 270 2457 et
283 2400 345 2436 mos
358 2381 508 2455 majorum,
522 2393 552 2437 et
566 2381 650 2456 hujus
671 2382 784 2456 imperii
805 2382 949 2450 severitas,
965 2391 993 2436 et
1007 2400 1053 2437 res
1066 2381 1158 2455 publi·
1171 2390 1207 2443 25

180 2476 217 2515 ca
229 2458 399 2532 postulabat.
442 2458 499 2514 Sed
514 2457 598 2533 quim
613 2460 717 2517 multos
729 2460 816 2516 fnisse
830 2460 944 2534 putatis,
956 2459 1014 2532 qui,
1026 2477 1089 2533 quae
1103 2478 1158 2535 ego

180 2536 331 2602 deferrem,
346 2555 404 2592 non
425 2537 595 2594 crederentl
615 2537 701 2613 quam
720 2538 834 2607 multos,
855 2537 913 2612 qui,
934 2548 1047 2612 propter
1068 2537 1159 2593 stulti-

178 2614 260 2684 tiam,
276 2633 334 2671 non
348 2616 502 2689 putarentl
533 2614 619 2690 qudm
640 2616 754 2685 multos,
769 2615 818 2691 qui
840 2615 928 2675 etiam
949 2615 1137 2672 defenderent
1145 2616 1163 2688 l¹¹

179 2690 265 2767 quiam
286 2693 400 2763 multos
421 2693 480 2767 qui,
501 2704 614 2768 propter
635 2694 857 2770 improbitatem,
872 2694 1020 2750 faverentl
1054 2694 1102 2751 Ac
1122 2694 1157 2764 si,

179 2770 292 2828 sublato
313 2771 370 2842 illo,
395 2771 499 2847 depelli
527 2791 544 2828 a
571 2772 651 2829 vobis
677 2791 762 2830 omne
790 2772 949 2847 periculum
975 2772 1208 2847 judicarem330

176 2848 347 2924 jampridem
362 2868 416 2925 ego
430 2849 464 2906 L.
480 2849 637 2906 Catilinam
658 2870 716 2908 non
731 2847 818 2908 modd
834 2851 948 2907 invidiae
962 2869 1044 2920 meae,
1059 2849 1158 2907 verium

179 2927 266 2984 etiam
280 2928 356 2997 vitae,
370 2927 499 3003 periculo
513 2928 699 2984 sustulissem.
742 2929 801 2985 Sed
815 2928 882 2985 cirm
897 2929 1034 2998 viderem,
1048 2928 1099 3005 (ne
1114 2948 1160 2986 vo-

180 3004 224 3061 bis
237 3006 353 3080 quidem
375 3007 510 3062 omnibus
524 3026 555 3062 re
569 3006 656 3063 etiam
670 3017 731 3063 turn
745 3007 878 3096 probati)
894 3007 918 3062 si
941 3006 1030 3076 illurn,
1045 3016 1076 3063 ut
1098 3016 1159 3063 erat

179 3084 308 3149 meritus,
324 3094 413 3140 morte
428 3084 606 3154 multdssem,
619 3084 687 3154 lore,
698 3098 731 3141 ut
741 3085 803 3160 ejus
814 3104 917 3155 socios,
927 3084 1035 3140 invidiis
1046 3104 1160 3160 oppres·

180 3180 239 3230 sus,
254 3161 386 3237 persequi
407 3182 465 3219 non
487 3182 616 3257 possem;
638 3182 698 3219 rem
720 3164 778 3219 buc
799 3163 915 3232 deduxi,
930 3173 961 3219 ut
983 3174 1043 3220 tum
1064 3162 1159 3239 paldm
1173 3172 1209 3226 35

180 3258 309 3314 pugnare
323 3241 455 3315 possetis,
471 3260 538 3296 cum
554 3241 663 3298 bostem
679 3238 777 3315 aperte
792 3241 934 3297 videretis.

220 3318 318 3378 Quem
339 3319 456 3393 quidem
478 3338 532 3394 ego
556 3320 676 3389 hostem,
700 3318 842 3387 Quirites,
867 3317 953 3394 quam
978 3320 1160 3375 vehementer

182 3395 249 3452 foris
263 3415 326 3453 esse
340 3397 501 3455 timendum
515 3408 624 3472 putem,
639 3398 708 3454 licet
722 3397 791 3453 hinc
806 3397 982 3472 intelligatis,
997 3395 1073 3470 qudd
1090 3397 1160 3452 illud

181 3475 268 3531 etiam
283 3473 401 3532 moleste
417 3475 485 3545 fero,
500 3474 576 3550 qudd
596 3495 632 3532 ex
655 3475 733 3533 Urbe
756 3494 857 3550 parum
878 3474 1030 3539 comitatus
1050 3475 1159 3531 exierit.

182 3550 301 3608 Utinam
316 3551 362 3607 ille
377 3572 476 3610 omncs
491 3573 591 3611 secum
605 3574 671 3611 suas
685 3555 783 3628 copias
794 3553 958 3610 eduxisset!
991 3552 1161 3629 Tongilium
1175 3561 1211 3617 40

184 3628 257 3685 mihi
278 3629 396 3697 eduxit;
417 3651 501 3704 quem
516 3651 611 3690 amare
627 3633 656 3689 in
670 3631 809 3708 praetextd
826 3629 1000 3711 [calumnia]
1016 3642 1159 3707 emperat3

183 3706 348 3765 Publicium
362 3717 390 3764 et
406 3707 580 3779 Munatium,
595 3728 716 3786 quorum
730 3727 769 3766 aes
783 3710 919 3781 alienum,
934 3722 1115 3768 contractum
1130 3711 1160 3767 in

182 3785 299 3860 popinis,
321 3787 432 3843 nullum
452 3788 616 3863 reipublicae
638 3798 747 3844 motum
769 3789 869 3847 afferre
889 3800 1016 3865 poterat:
1037 3788 1159 3864 reliquit,

182 3883 253 3939 quos
262 3863 352 3922 viros!
368 3876 475 3940 quanto
484 3867 578 3924 alieno
589 3886 644 3924 rere
657 3868 663 3923 l
678 3862 765 3942 qudm
776 3868 920 3926 valentes!
938 3866 1023 3943 quim
1034 3865 1159 3924 nobiles!

420 3944 471 4002 2*
