2702 4464
155 352 195 410 46
417 345 553 396 ORATIO
575 345 644 395 PRO
665 345 762 396 LEGE
785 345 950 396 MANILlA.

204 488 283 545 vobis
303 488 415 564 imperii
435 488 555 564 gloriam
568 489 748 563 relinquere;
769 489 812 546 sic
825 488 905 546 vobis
924 487 1119 564 turpissimum
1140 488 1186 560 sit,
1253 486 1259 499 '

204 566 285 636 illud,
299 567 374 640 quod
389 568 549 643 accepistis,
564 568 637 624 tueri
651 578 680 624 et
694 586 861 624 conservare
875 586 932 623 non
945 585 1034 642 posse.

242 645 335 714 Quid,
349 643 427 719 quod
447 646 524 701 salus
544 646 685 702 sociorum
699 664 843 701 summum
861 646 891 701 in
908 645 1068 720 periculum
1083 663 1117 701 ac
1131 644 1187 701 dis·

204 722 314 779 crimen
329 724 467 780 vocaturl
498 722 604 798 Regno
616 723 750 797 expulsus
769 733 813 779 est
832 723 1056 792 Ariobarzanes,
1070 741 1130 793 rex,
1145 742 1187 780 so-

171 801 267 863 5cius
287 801 381 876 populi
402 800 528 857 Romani
549 810 633 875 atqu'e
654 802 780 857 amicus:
802 801 953 857 imminent
970 800 1026 857 duo
1039 819 1122 875 reges
1135 801 1187 858 toti

204 878 294 947 Asiae,
308 898 365 935 non
385 877 477 935 sullam
497 878 576 935 vobis
596 878 798 948 inimicissimi,
812 879 863 935 sed
883 879 970 935 etiam
988 879 1088 935 vestris
1101 879 1187 935 sociis

204 965 289 1031 atque
303 955 420 1013 amicis:
442 956 572 1012 civitates
584 967 679 1012 autem
692 975 801 1028 omnes,
812 957 1004 1014 euncta'Asia
1015 967 1099 1031 atque
1109 957 1187 1013 Grae-

204 1034 260 1104 cia,
279 1046 404 1091 vestrum
425 1034 562 1091 auxilium
582 1045 756 1109 exspectare,
775 1045 886 1111 propter
905 1035 1026 1110 periculi
1046 1036 1187 1110 magnitu-

204 1112 312 1182 dinem,
334 1121 493 1187 coguntur:
521 1113 721 1187 imperatorem
742 1132 759 1169 a
778 1114 858 1171 vobis
885 1124 995 1169 certum
1022 1113 1185 1188 deposcere,

154 1196 189 1249 10
204 1188 271 1247 crim
285 1190 441 1266 praesertim
461 1209 510 1246 vos
531 1190 619 1246 alium
639 1191 783 1261 miseritis,
797 1210 890 1265 neque
912 1191 1027 1260 audent,
1042 1210 1135 1266 neque
1155 1191 1184 1246 id

203 1286 234 1324 se
249 1267 344 1325 facere
358 1286 469 1324 summo
482 1267 544 1324 sine
557 1268 685 1343 periculo
698 1288 780 1343 posse
795 1269 975 1325 arbitrantur.

243 1345 352 1402 Vident
371 1355 400 1401 et
420 1345 547 1401 sentiunt
567 1346 621 1402 hoc
641 1346 727 1416 idem,
742 1346 817 1419 quod
831 1365 888 1415 voe,
904 1364 993 1402 unum
1007 1346 1098 1402 virum
1112 1365 1184 1417 esse,

203 1422 233 1479 in
244 1441 300 1496 quo
310 1441 422 1479 summa
432 1423 489 1479 sint
498 1424 604 1492 omnia,
616 1433 645 1479 et
658 1442 724 1480 eum
737 1423 823 1499 prope
834 1443 897 1481 esse
909 1422 978 1498 (quo
988 1424 1076 1480 etiam
1087 1434 1186 1480 carent

203 1499 332 1579 aegrius),
354 1500 437 1574 cujus
458 1501 581 1557 adventu
601 1501 662 1575 ipso
689 1511 774 1575 atque
800 1501 925 1571 nomine,
946 1502 1059 1557 tametsi
1080 1501 1128 1558 ille
1149 1503 1185 1558 ad

155 1580 188 1632 15
202 1578 378 1635 maritimum
392 1578 499 1635 bellum
513 1579 633 1648 venerit,
647 1588 743 1635 tamen
764 1580 887 1654 impetus
906 1579 1029 1636 hostium
1044 1598 1185 1654 repressos

202 1675 265 1712 esse
280 1656 444 1732 intelligunt
458 1673 493 1712 ac
507 1657 672 1713 retardatos.
715 1657 755 1713 Hi
770 1676 827 1727 ros,
842 1657 977 1731 quoniam
996 1655 1086 1713 libere
1107 1657 1184 1730 loqui

202 1753 260 1791 non
279 1734 357 1805 licet,
372 1732 460 1791 tacite
481 1745 592 1810 rogant,
607 1738 638 1790 ut
658 1753 689 1791 se
709 1753 831 1809 quoque,
845 1735 920 1792 sicut
940 1744 1108 1791 caeterarum
1123 1753 1185 1810 pro·

202 1812 363 1868 vinciarum
377 1812 478 1882 socios,
493 1812 595 1888 dignos
608 1812 785 1883 existimetis,
797 1831 917 1887 quorum
927 1812 1048 1868 salutem
1061 1812 1111 1869 tali
1125 1813 1185 1870 viro

203 1890 425 1958 commendetis;
451 1899 537 1964 atque
557 1892 613 1947 hoc
632 1891 720 1946 etiam
740 1891 833 1967 magis
852 1888 939 1964 quam
959 1899 1086 1960 caeteros,
1107 1888 1185 1964 qudd

152 1970 188 2022 20
203 1967 341 2042 ejusmodi
362 1968 392 2025 in
412 1968 587 2043 provinciam
608 1968 737 2025 homines
757 1987 824 2025 cum
842 1967 960 2044 imperio
980 1968 1128 2038 mittimus,
1142 1977 1184 2039 ut,

202 2045 315 2102 etiamsi
330 2045 366 2102 ab
380 2047 460 2103 hoste
474 2046 640 2116 defendant,
654 2047 889 2121 tamenipsorum
904 2046 1041 2103 adventus
1055 2045 1085 2102 in
1099 2046 1185 2103 urbes

203 2123 346 2180 sociorum
372 2143 431 2181 non
460 2122 583 2180 multllm
613 2125 650 2180 ab
680 2124 774 2181 hostili
804 2124 1013 2200 expugnatione
1043 2124 1183 2181 differant.

202 2200 292 2258 Hunc
306 2202 461 2259 audiebant
476 2211 569 2272 antea,
583 2221 663 2258 nunc
676 2213 845 2277 presentem
858 2203 965 2272 vident,
979 2201 1058 2258 tanta
1079 2211 1185 2277 tempe-
1203 2230 1210 2246 .

202 2279 306 2349 rantib,
320 2279 401 2337 tanti
414 2279 644 2350 mansuetudine,
655 2280 735 2336 tanta
750 2280 937 2350 humanitate,
948 2289 980 2336 ut
993 2279 1013 2336 ii
1028 2280 1185 2337 beatissimi
1237 2325 1238 2329 η

151 2358 187 2412 25
202 2376 264 2415 esse
279 2358 438 2428 videantur,
454 2357 528 2434 apud
543 2376 613 2431 quos
627 2358 675 2415 ille
690 2356 849 2414 diutissime
865 2369 1063 2415 commoratur.

241 2435 294 2492 VI.
327 2437 440 2506 Quare,
455 2437 479 2493 si
498 2445 610 2511 propter
630 2436 731 2506 socios,
750 2436 829 2493 nulla
850 2436 903 2512 ipsi
923 2435 1028 2512 injurii
1048 2426 1184 2506 lacessiti,

201 2513 324 2587 majores
344 2514 429 2572 vestri
456 2532 524 2570 cum
544 2513 699 2584 Antiocho,
721 2533 788 2570 cum
815 2514 954 2590 Philippo,
976 2532 1043 2571 cum
1070 2513 1203 2584 AEtolis,'

202 2610 269 2647 cum
297 2592 394 2648 Poenis
421 2591 497 2648 bella
523 2600 690 2666 gesserunt3
721 2601 901 2664 quanto.vos
928 2592 1022 2649 studio
1041 2592 1183 2662 convenit,

202 2668 315 2741 injuriis
333 2679 508 2743 provocatos,
523 2669 664 2725 sociorum
685 2668 806 2725 salutem
820 2669 878 2724 und
893 2687 959 2725 eum
974 2669 1085 2743 imperii
1099 2669 1185 2726 vestri

151 2751 188 2805 30
202 2745 342 2820 dignitate
372 2745 542 2812 defendere;
573 2746 729 2818 praesertim
759 2744 827 2801 cirm
857 2745 894 2801 de
922 2745 1023 2801 vestris
1052 2745 1185 2802 maximis

201 2823 390 2897 vectigalibus
411 2823 527 2896 agatur!
559 2821 588 2877 N
592 2840 638 2876 am
656 2831 824 2878 caeterarum
836 2822 1046 2897 provinciarum
1060 2823 1185 2898 vectiga-

202 2899 251 2969 lia,
264 2900 406 2969 Quirites,
420 2908 501 2955 tanta
513 2908 589 2968 sunt,
604 2908 636 2954 ut
656 2899 701 2968 iis,
716 2899 752 2955 ad
773 2898 848 2974 ipsas
865 2899 1025 2973 provincias
1037 2901 1181 2971 tutandas,

201 2978 249 3033 vix
269 2978 395 3035 contenti
415 2995 478 3034 esse
497 2977 653 3051 possimus:
681 2976 754 3033 Asia
769 2974 836 3032 verb
852 2986 911 3032 tam
924 2976 1019 3050 opima
1032 2987 1075 3033 est
1088 2988 1118 3034 et
1131 2977 1184 3034 fer·

202 3055 269 3124 tilis,
284 3064 316 3111 ut
335 3066 364 3112 et
383 3056 513 3112 ubertate
532 3072 674 3130 agrorum,
689 3063 718 3110 et
737 3054 874 3111 varietate
894 3054 1049 3124 fructuum,
1064 3066 1094 3112 et
1106 3074 1184 3132 mag·

152 3141 188 3194 35
202 3133 334 3190 nitudine
353 3133 498 3209 pastionis,
519 3142 548 3203 et
567 3131 750 3189 multitudine
770 3151 870 3188 earum
889 3150 984 3188 rerum
1004 3151 1067 3206 quar
1087 3152 1185 3208 expor-

202 3220 308 3282 tantur,
329 3210 414 3268 facile
435 3210 567 3268 omnibus
593 3210 677 3266 terris
698 3211 858 3267 antecellat.
900 3209 1003 3283 Itaque
1023 3211 1085 3267 haec
1105 3212 1184 3268 vobis

202 3289 512 3365 provincia,.Quirites,
526 3288 551 3344 si
565 3297 594 3344 et
607 3288 675 3344 belli
695 3288 848 3345 utilitatem
868 3298 896 3344 et
915 3287 996 3363 pacis
1015 3288 1184 3363 dignitatem

202 3368 343 3424 sustinere
362 3367 456 3436 vultis,
475 3385 532 3423 non
552 3363 637 3423 modo
659 3385 677 3423 a
696 3366 869 3437 calamitate,
890 3365 941 3423 sed
961 3366 1048 3422 etiam
1069 3384 1087 3423 a
1106 3377 1185 3424 metu

203 3445 384 3514 calamitatis,
399 3454 442 3501 est
456 3443 645 3500 defendenda.

153 3529 188 3582 40
241 3521 272 3578 N
275 3541 330 3592 am,
342 3523 453 3580 caeteris
467 3523 498 3579 in
511 3522 607 3591 rebus,
619 3519 687 3578 cirm
697 3521 775 3580 venit
789 3522 947 3592 calamitas,
958 3531 1020 3578 tum
1033 3522 1186 3580 detrimen·

202 3610 263 3656 tum
278 3599 437 3674 accipitur:
459 3609 497 3670 at,
511 3600 541 3656 in
555 3599 753 3676 vectigalibus,
768 3620 825 3657 non
839 3599 931 3658 sellim
949 3600 1086 3657 adventus
1106 3601 1184 3670 mali,

203 3677 253 3732 sed
268 3677 354 3732 etiam
366 3688 458 3733 metus
469 3678 538 3752 ipse,
551 3678 632 3735 affert
646 3679 848 3734 calamitatem.
882 3677 970 3746 Nam,
983 3675 1050 3734 elmi
1062 3679 1185 3735 hostium

203 3754 291 3829 copiae
302 3773 362 3817 non
375 3754 460 3829 longe
477 3756 588 3824 absunt,
599 3756 712 3812 etiamsi
723 3756 841 3830 irruptio
855 3756 932 3812 faeta
941 3755 1021 3812 nulla
1031 3755 1077 3824 sit,
1088 3765 1185 3812 tamen

201 3850 306 3908 pecora
325 3830 542 3909 relinquuntu13
564 3832 741 3908 agricultura
754 3832 894 3890 deseritur
902 3852 910 3902 ;
931 3841 1123 3890 mercatorum
1135 3851 1187 3890 na·
