2658 4468
379 374 518 428 ORATIO
541 378 579 428 IN
600 378 640 428 Μ.
662 378 865 429 abromum.
1113 382 1171 442 m

126 518 234 595 impuri
253 518 315 590 filii,
329 527 468 596 tanquam
487 540 602 592 nurum,
617 522 799 596 sequebatur.
841 521 870 579 Ο
890 542 1002 581 misere
1020 521 1122 581 mulie·

126 598 167 655 ris
181 598 399 656 foecunditatem
413 600 629 657 calamitosam!
671 601 783 658 Horum
805 600 979 677 flagitiorum
993 603 1047 660 iste
1061 621 1122 659 res·

126 676 208 752 tigiis
227 677 325 734 omnia
345 678 515 754 municipia,
529 678 725 755 praefecturas,
740 680 876 752 colonius,
891 690 981 738 totam
994 681 1122 755 denique

126 754 254 826 ltaliam,
269 756 419 831 impressit.
953 784 957 792 ·

167 833 359 908 Reliquorum
380 835 522 892 factorum
542 835 613 910 ejus,
627 835 728 893 Patres
748 835 922 912 conscripti,
937 836 1063 895 difficilis
1076 846 1121 896 est
1150 843 1169 897 5

127 909 200 969 saud
220 913 405 988 reprehensio
424 923 454 970 et
472 913 593 971 lubrica
634 914 776 971 Versatur
796 914 826 972 in
840 915 916 973 bello
929 925 990 973 est:
1011 926 1122 974 satura·

126 990 169 1048 vit
190 1010 221 1048 se
241 991 381 1068 sanguine
408 991 663 1049 dissimillimorum
683 993 728 1049 sui
750 992 865 1050 civium.
906 993 977 1050 Fuit
996 994 1074 1065 felix,
1095 995 1121 1052 si

126 1078 221 1145 potest
240 1070 300 1126 ulla
319 1089 383 1127 esse
396 1069 427 1127 in
441 1070 551 1128 sceiere
571 1070 702 1128 felicitas.
745 1072 814 1142 Sed,
830 1071 965 1145 quoniam
978 1073 1122 1130 veteranis

127 1158 248 1205 cautum
261 1148 477 1218 essevolumus,
492 1167 656 1225 quanquam
670 1148 817 1206 dissimilis
830 1159 874 1206 est
888 1150 1011 1207 militum
1032 1169 1122 1208 causa

128 1235 158 1283 et
172 1236 223 1282 tue
239 1226 295 1302 (illi
309 1226 401 1284 secuti
415 1237 491 1297 sunt,
505 1236 537 1283 tu
550 1225 687 1302 quaesisti,
702 1227 821 1305 ducem)
834 1248 842 1297 3
863 1238 971 1299 tamen,
985 1248 1023 1286 ne
1044 1230 1120 1303 apud
1134 1233 1169 1288 10

128 1305 194 1362 illos
223 1323 269 1362 me
297 1305 327 1363 in
358 1305 496 1362 invidiam
522 1324 618 1376 voces,
639 1306 711 1363 nihil
732 1307 859 1364 debelii
885 1326 992 1383 genere
1012 1307 1118 1366 dicam.

127 1383 269 1441 Victore
289 1382 444 1441 Thessalia
471 1383 659 1442 Brundisium
689 1403 756 1441 cum
783 1385 945 1462 legionibus
968 1386 1118 1444 revertisti.

127 1460 176 1519 Ibi
199 1480 246 1519 me
266 1481 323 1519 non
343 1462 495 1521 occidisti:
523 1481 662 1539 magnum
681 1462 875 1520 beneficium:
895 1464 1021 1539 potuisse
1041 1464 1121 1523 enirn

128 1540 228 1598 fateor.
269 1540 447 1616 Quanquam
473 1559 559 1599 nemo
579 1550 641 1598 erat
661 1560 770 1612 eorum,
791 1541 840 1616 qui
860 1551 922 1598 tum
942 1551 1040 1599 tecum
1060 1543 1121 1601 fue·

127 1629 206 1691 runt,
226 1618 276 1695 qui
302 1618 374 1676 milri
394 1639 452 1677 non
472 1629 605 1677 censeret
630 1620 710 1697 parci
736 1629 874 1696 oportere.
916 1619 1016 1678 Tanta
1041 1621 1120 1679 enirn
1134 1623 1169 1678 1⁵

127 1707 172 1754 est
186 1698 291 1755 caritas
303 1698 414 1772 patriae,
428 1707 460 1754 ut
473 1697 575 1755 vestris
595 1698 683 1756 etiam
702 1698 865 1774 legionibus
885 1709 1003 1756 sanctus
1016 1718 1120 1771 essem,

126 1774 206 1851 quod
226 1795 290 1833 earn
312 1794 330 1833 a
349 1795 396 1834 me
416 1786 557 1834 servatam
571 1795 634 1834 esse
648 1776 854 1834 meminissent.
896 1777 956 1835 Sed
970 1777 1027 1849 fac,
1041 1777 1072 1834 id
1091 1787 1121 1836 te

128 1855 243 1913 dedisse
256 1854 337 1926 mibi,
351 1855 427 1930 quod
447 1874 505 1913 non
526 1854 669 1927 ademisti,
683 1873 787 1929 meque
808 1874 825 1913 a
844 1865 874 1914 te
894 1856 1001 1913 babere
1021 1856 1120 1928 vitam,

127 1933 197 2008 quia
210 1952 228 1989 a
240 1942 269 1990 te
282 1950 340 1991 nou
354 1933 391 1989 sit
404 1943 518 2010 erepta;
539 1933 661 1991 licuitne
681 1933 753 1990 mibi
772 1952 823 2010 per
842 1944 908 1991 tuus
928 1935 1122 1992 contumelias

127 2012 185 2069 boc
204 2012 378 2069 beneficium
398 2012 442 2070 sic
461 2011 548 2082 tueri,
562 2020 595 2070 ut
613 2012 726 2083 tuebar,
740 2013 899 2089 presertim
918 2010 987 2069 crim
1007 2022 1036 2070 te
1056 2011 1171 2071 beaw

128 2090 294 2147 auditurum
308 2089 442 2148 videresl

167 2169 267 2227 XXV.
301 2169 416 2227 Venisti
436 2167 633 2240 Brundisium,
648 2167 678 2227 in
698 2168 793 2226 sinum
807 2169 923 2244 quidem
945 2180 974 2226 et
994 2169 1025 2227 in
1043 2188 1121 2228 corn·

126 2248 242 2325 plexum
273 2257 330 2305 tuae
360 2248 495 2305 mimulae.
535 2247 619 2309 Quid
642 2249 708 2306 esti
739 2266 810 2305 num
839 2247 984 2305 mentiorl
1017 2246 1120 2308 Quam

79 2384 87 2391 ,
127 2327 265 2384 miserum
285 2336 330 2383 est
350 2327 379 2383 id
399 2346 507 2403 negare
525 2346 583 2385 non
596 2346 690 2402 posse,
704 2327 780 2400 quod
794 2325 830 2382 sit
843 2325 1040 2401 turpissimum
1054 2345 1121 2382 con-

127 2405 222 2463 fiteril
258 2405 290 2462 Si
309 2414 339 2462 te
359 2405 581 2481 municipiorum
601 2425 659 2462 non
679 2404 821 2479 pudebat;
852 2423 890 2461 ne
910 2403 1038 2460 veterani
1059 2403 1120 2476 qui-
1133 2399 1171 2455 ἣ

127 2485 195 2542 dem
214 2484 381 2542 exercitiisl
414 2484 493 2545 Quis
512 2484 590 2541 enirn
611 2482 694 2539 miles
715 2482 778 2552 suit,
800 2482 849 2555 qui
872 2480 1019 2538 Brundisii
1041 2480 1120 2538 illam

127 2582 186 2620 non
206 2562 329 2620 uideritl
350 2562 423 2638 quis,
438 2562 488 2637 qui
508 2561 654 2631 nescierit,
669 2560 781 2618 venisse
802 2578 867 2616 earn
884 2558 938 2616 tibi
951 2568 992 2616 tot
1006 2559 1119 2617 dierum

127 2642 205 2698 viam
232 2641 426 2717 gratulatuml
460 2641 534 2715 quis,
555 2640 605 2715 qui
633 2659 690 2697 non
717 2637 882 2710 indoluerit,
902 2647 962 2694 tarn
989 2635 1053 2695 serd
1078 2657 1119 2711 se,

126 2738 215 2795 quern
229 2719 374 2776 hominem
388 2729 505 2776 secutus
518 2729 604 2789 esset,
619 2718 815 2794 cognoscerel

168 2797 261 2855 Italiae
281 2817 380 2855 rursus
399 2797 586 2873 percursatio,
600 2798 703 2854 eidem
724 2797 830 2855 comite
844 2796 951 2867 mimi3
972 2795 1003 2854 in
1016 2796 1120 2872 oppida
1132 2803 1170 2859 θ]

127 2877 252 2935 militum
274 2876 400 2934 crudelis
420 2886 450 2933 et
469 2877 574 2934 misera
594 2876 745 2946 deductio;
771 2875 801 2933 in
815 2876 894 2934 Urbe
908 2875 981 2946 auri,
996 2875 1119 2951 argenti,

127 2953 311 3029 maximique
332 2954 402 3025 vini,
417 2955 494 3012 ioeda
513 2954 642 3031 direptio.
684 2955 829 3025 Accessit,
844 2965 885 3026 ut,
900 2955 1019 3012 Caesare
1038 2953 1120 3030 igna-

127 3055 169 3105 ro,
194 3032 276 3122 (crim
303 3032 352 3091 ille
375 3043 451 3090 esset
474 3034 672 3112 Alexandriae)
696 3034 838 3092 beneficio
865 3033 1024 3091 amicorum
1046 3033 1118 3107 ejus,

126 3123 265 3189 magister
286 3112 415 3187 equiturn
438 3112 668 3170 constitueretur.
710 3112 790 3170 Turn
811 3111 993 3180 existimavit,
1015 3128 1046 3168 se
1067 3129 1120 3168 suo

124 3193 190 3269 jure
218 3209 285 3248 cum
313 3190 421 3266 Hippia
442 3191 546 3261 rivere,
568 3200 597 3248 et
623 3210 711 3265 equos
731 3190 887 3266 vectigales
909 3189 1012 3265 Sergio
1031 3189 1170 3246 mimoffl

127 3270 251 3327 tradere.
293 3268 372 3326 Tum
393 3269 449 3325 sibi
468 3289 526 3327 non
547 3270 633 3340 beno,
648 3286 734 3344 quam
755 3287 835 3325 nunc
856 3265 932 3323 male
947 3275 1053 3335 tuetur,
1068 3266 1119 3323 sed

127 3347 170 3406 M.
186 3347 299 3406 Pisonis
319 3347 510 3418 domum,‘ubi
531 3347 683 3417 habitaret,
697 3347 815 3422 legerat.
856 3343 941 3405 Quid
961 3363 1016 3419 ego
1036 3343 1120 3401 istius

127 3428 256 3497 decreta,
277 3426 346 3500 quid
366 3426 491 3501 rupinas,
505 3426 575 3500 quid
596 3425 795 3482 hereditatum
814 3422 1007 3498 possessiones
1027 3421 1119 3491 datas,

127 3506 198 3580 qnid
219 3514 341 3580 ereptas,
355 3504 520 3580 proferaml
550 3503 682 3579 Cogebat
701 3511 834 3578 egestas:
856 3498 913 3573 qud
934 3519 966 3557 se
986 3509 1118 3571 verteret,

127 3603 185 3642 non
213 3583 346 3640 babebat
388 3582 527 3641 Nondum
549 3582 577 3639 ei
600 3590 681 3638 tanta
703 3599 721 3637 a
746 3579 780 3636 L.
803 3578 927 3648 Rubrio,
955 3597 1013 3635 non
1041 3597 1058 3636 a
1084 3578 1117 3635 L.
1130 3575 1169 3633 tt

126 3662 273 3732 Turselio,
298 3662 452 3719 hereditas
474 3669 609 3718 venerat:
639 3659 769 3719 nondum
795 3656 825 3715 in
855 3657 911 3714 Cn.
933 3656 1061 3732 Pompeii
1081 3657 1120 3715 lo·

126 3756 205 3811 cum,
226 3741 439 3813 multorumque
460 3739 590 3808 aliorum,
612 3737 661 3811 qui
685 3737 814 3806 aberant,
835 3735 1002 3810 repentinus
1028 3736 1120 3793 heres

126 3828 316 3878 successerat.
358 3817 430 3875 Erat
456 3817 484 3875 ei
511 3816 664 3873 vivendum
691 3815 834 3873 latronum
858 3813 926 3886 ritu,
949 3824 982 3873 ut
1006 3824 1120 3872 tanturn

128 3897 257 3968 baberet,
272 3906 411 4030 quantrprp
425 3915 526 3971 rapere
540 3894 685 3970 potuisset.
