2658 4468
359 338 498 389 ORATIO
521 339 591 389 PRO
612 339 644 389 Τ.
664 339 779 389 ANNIO
801 338 951 389 MILONE.
1144 343 1199 401 ΙΙΙ

155 501 245 558 quem
260 481 284 539 si
298 481 423 558 quitum
437 481 639 556 interemisset,
654 504 711 542 non
726 484 762 542 de
777 483 948 559 impunitate
962 483 1034 562 ejus,
1049 485 1100 541 sed
1114 484 1152 542 de

155 561 293 639 praemiis,
309 562 491 639 cogitaretur.

200 640 314 698 Tamen
328 661 359 698 se
373 640 448 699 Milo
467 642 619 714 continuit,
634 651 663 700 et
678 642 710 699 P.
725 640 861 699 Clodium
883 640 1074 717 adjudicium
1096 643 1149 714 bis,

159 718 197 776 ad
223 719 280 776 vim
303 739 462 795 nunquam,
489 721 609 779 vocavit.
650 721 756 784 Quidt
779 720 890 795 privato
910 720 1030 792 Milone,
1052 731 1081 777 et
1102 741 1152 780 reo

158 799 196 855 ad
217 799 364 874 populum,
390 809 545 858 accusante
569 800 601 858 P.
617 800 730 871 Clodio,
755 796 822 857 cum
846 799 875 856 in
900 800 956 857 Cn.
980 799 1150 876 Pompeium
1182 774 1213 856 ἔ

155 896 208 952 pro
221 877 333 935 Milone
346 877 492 936 dicentem
507 879 630 955 impetus
644 879 738 936 factus
752 888 813 947 est3
835 898 899 953 quae
910 888 971 936 tum
992 899 1049 937 non
1063 877 1150 937 modb

155 957 283 1027 occasio,
294 957 345 1014 sed
359 957 448 1015 etiam
461 977 560 1029 causa,
572 958 649 1016 illius
658 957 838 1034 opprimendi
854 957 907 1014 fuit
918 958 924 1014 l
960 957 1060 1033 Nuper
1071 958 1150 1030 verb,

157 1034 227 1092 clun
243 1035 284 1092 M.
300 1036 445 1094 Antonius
458 1056 601 1094 summam
625 1056 706 1112 spem
730 1036 830 1094 salutis
854 1036 937 1093 bonis
960 1036 1094 1094 omnibus
1109 1047 1151 1094 at·

157 1115 280 1186 tulisset,
295 1115 549 1191 gravissimamque
574 1117 743 1174 adolescens
766 1115 961 1172 nobilissimus
981 1115 1149 1191 reipublice

155 1204 268 1269 partem
293 1192 445 1252 fortissime
470 1195 653 1272 suscepisset,
682 1205 768 1270 atque
792 1193 870 1251 illam
892 1194 1028 1265 belluam,
1046 1193 1150 1270 judicii
1166 1199 1200 1253 10

155 1272 274 1347 laqueos
288 1273 493 1345 declinantem,
505 1274 566 1350 jam
590 1273 730 1333 irretitam
754 1282 883 1343 teneret;
906 1273 954 1347 qui
969 1274 1059 1344 locus,
1074 1275 1150 1348 quod

154 1360 267 1427 tempus
282 1351 353 1409 illud
368 1350 433 1428 (Dii
448 1353 623 1410 immortales
634 1354 656 1427 l)
679 1352 750 1409 fuitl
792 1351 870 1409 Cum
884 1372 915 1409 se
930 1352 977 1410 ille
992 1352 1106 1429 fugiens
1119 1353 1150 1411 in

155 1430 300 1488 scalarum
323 1432 459 1489 tenebras
483 1431 651 1503 abdidisset,
665 1450 804 1507 magnum
819 1430 923 1489 Miloni
937 1431 992 1489 fuit
1005 1432 1149 1490 conficere

155 1509 233 1566 illam
247 1519 358 1584 pestem
372 1511 452 1568 nulla
463 1512 516 1568 sua
531 1511 650 1582 invidit,
666 1509 786 1567 Antonii
806 1508 875 1568 vero
896 1510 1020 1567 maximia
1034 1511 1148 1587 gloria?

153 1588 259 1650 Quidt
281 1589 406 1647 comitiis
430 1589 461 1648 in
475 1590 588 1664 Campo
601 1590 713 1664 quoties
725 1598 852 1664 potestas
876 1588 946 1647 fuit!
969 1587 1037 1647 clun
1052 1590 1100 1647 ille
1121 1590 1149 1648 vi
1165 1591 1200 1645 15

155 1667 185 1725 in
200 1667 290 1743 Septa
303 1666 461 1744 irrupisset,
486 1669 598 1746 gladios
621 1668 843 1745 distringendos,
867 1667 977 1744 lapides
988 1667 1148 1744 jaciendos,

155 1749 302 1816 curasset3
323 1747 429 1805 deinde
443 1745 551 1819 subito,
565 1748 645 1805 vultu
659 1747 779 1805 Milonis
791 1747 970 1823 perterritus,
985 1748 1098 1826 fugeret
1112 1746 1158 1806 ad'

156 1824 307 1896 Tiberim3
329 1845 388 1897 vos,
413 1836 443 1884 et
461 1847 563 1885 omnes
584 1827 652 1884 boni
672 1836 738 1887 vota
758 1826 903 1899 faceretis,
929 1835 961 1884 ut
981 1825 1085 1885 Miloni
1106 1827 1149 1885 uti

158 1903 261 1962 virtute
274 1904 326 1961 sud
338 1905 449 1964 liberet

198 1982 284 2040 XVI.
318 1983 418 2044 Quem
444 1985 532 2062 igitur
561 2004 629 2043 cum
656 1984 786 2043 omnium
816 1984 909 2062 gratia
939 1984 1041 2056 noluit,
1068 1986 1149 2043 hunc
1162 1983 1199 2038 20

157 2061 248 2119 voluit
269 2080 335 2119 cum
367 2063 523 2138 aliquorum
554 2064 694 2139 quereltl
734 2064 835 2126 Quem
859 2065 935 2141 jure,
963 2082 1049 2138 quem
1072 2065 1147 2136 loco,

156 2160 243 2216 quem
257 2151 394 2216 tempore,
409 2161 492 2217 quem
515 2141 645 2219 impune,
659 2163 716 2201 non
740 2153 784 2201 est
808 2162 904 2214 ausus,
928 2143 1007 2200 hunc
1031 2142 1147 2219 injuria,

155 2219 257 2295 iniquo
276 2220 349 2292 loco,
372 2220 463 2279 alieno
483 2232 621 2297 tempore,
641 2222 772 2299 periculo
792 2222 905 2297 capitis,
926 2242 984 2280 non
1005 2222 1148 2279 dubitavit

154 2300 314 2357 occiderel
334 2301 501 2375 prasertim,
523 2298 731 2377 judices,ci1m
754 2301 870 2358 honoris
891 2299 1060 2375 amplissimi
1081 2320 1148 2357 con·

154 2378 256 2450 tentio,
277 2388 306 2436 et
325 2379 387 2437 dies
407 2381 587 2438 comitiorum
611 2381 760 2450 subesset3
792 2398 849 2454 quo
875 2379 992 2453 quidem
1019 2387 1147 2454 tempore
1160 2377 1197 2432 25

158 2455 234 2534 (scio
257 2457 343 2529 enim,
367 2457 455 2533 quim
478 2459 581 2517 timida
608 2459 645 2516 sit
666 2458 794 2528 ambitio,
819 2468 984 2533 quantaque
1010 2467 1040 2514 et
1060 2456 1147 2532 quim

141 2536 279 2594 ‘sollicita
302 2537 444 2613 cupiditas
468 2539 648 2616 consulatis)
672 2537 772 2596 omnia
785 2556 841 2595 non
863 2535 959 2606 modo,
974 2554 1037 2611 quer
1052 2556 1148 2612 repre·

155 2616 241 2673 heudi
255 2613 360 2692 palam,
375 2617 426 2676 sed
450 2618 539 2676 etiam
553 2636 617 2693 que
631 2614 754 2676 obscure
775 2615 896 2693 cogitari
916 2625 1044 2691 possunt,
1065 2615 1147 2674 time·

153 2712 235 2764 mus;
256 2714 409 2768 rumorem,
425 2697 554 2754 fabulam
574 2697 682 2768 fictam,
698 2696 799 2753 falsam
812 2695 1074 2772 perhorrescimus;
1095 2716 1147 2754 cra

150 2774 278 2833 omnium
293 2786 379 2849 atque
392 2775 493 2833 oculos
516 2776 670 2834 intuemur.
712 2775 793 2833 Nihil
808 2776 886 2833 enim
906 2784 950 2833 est
970 2785 1028 2833 tam
1049 2776 1144 2848 molle,
1158 2775 1194 2830 30

150 2862 209 2910 tam
238 2863 381 2925 tenerum,
406 2865 467 2911 tam
488 2864 537 2912 aut
561 2855 663 2932 fragile
688 2864 737 2912 aut
756 2854 892 2925 flexibile,
907 2851 993 2929 quim
1014 2855 1145 2912 voluntas

149 2950 220 3008 erga
240 2952 302 3004 nos,
333 2951 503 3007 sensusque,
531 2933 656 3004 civium;
688 2933 737 3008 qui
766 2954 825 2991 non
855 2933 940 2992 mcdd
969 2933 1144 3009 improbitati

149 3009 313 3069 irascuntur
337 3012 568 3084 candidatorum,
583 3014 634 3070 sed
647 3012 735 3071 etiam
750 3012 779 3070 in
800 3010 880 3070 recte
895 3013 979 3071 factis
992 3032 1068 3088 saepe
1089 3012 1145 3069 fas·

149 3089 267 3147 tidiunt.

189 3168 280 3227 Hunc
294 3169 371 3227 diem
386 3169 474 3248 igitur
497 3169 612 3246 Campi,
627 3180 773 3245 speratum
798 3180 883 3244 atque
897 3178 1072 3244 exoptatum,
1087 3168 1142 3225 sibi
1155 3168 1191 3222 35

147 3265 310 3323 proponens
333 3248 416 3321 Milo,
432 3249 560 3308 cruentis
583 3250 718 3306 manibus
738 3249 833 3306 scelus
853 3258 882 3305 et
903 3248 1016 3304 facinus
1029 3265 1088 3320 prae
1109 3266 1142 3304 se

148 3327 244 3384 ferens
264 3336 294 3385 et
320 3328 470 3400 confitens,
492 3329 529 3386 ad
559 3327 609 3385 illa
640 3336 763 3403 augusta
793 3326 990 3384 centuriarum
1012 3322 1142 3398 auspicia

147 3406 305 3463 veniebatl
344 3406 445 3468 Quam
460 3409 515 3465 boc
528 3426 586 3465 non
601 3405 742 3464 credibile
756 3404 786 3461 in
807 3404 881 3461 hoel
903 3401 990 3478 quum
1012 3401 1088 3458 idem
1110 3402 1141 3461 in

147 3484 252 3542 Clodio
264 3504 322 3543 nou
342 3485 543 3557 dubitandum,
559 3485 608 3560 qui
632 3503 673 3554 se,
688 3482 840 3540 interfecto
860 3481 981 3552 Milone,
1005 3488 1141 3555 regnatu-

146 3581 211 3620 rum
224 3566 356 3639 putaret!
397 3564 503 3627 Quidl
524 3565 600 3639 quod
621 3570 709 3637 caput
730 3560 859 3618 audaciae
873 3569 926 3631 est,
938 3558 1061 3636 judices,
1076 3558 1140 3633 quis
1153 3558 1189 3615 40

147 3641 270 3717 ignorat,
301 3643 458 3700 maximam
491 3642 658 3700 illecebram
686 3658 750 3696 esse
782 3639 926 3714 peccandi
960 3638 1139 3713 impunitatis

145 3722 249 3796 speml
291 3720 326 3779 ln
347 3733 412 3780 utro
432 3721 519 3799 igitur
549 3722 613 3778 haec
644 3718 720 3777 fuitl
750 3718 779 3776 in
807 3719 940 3777 Milonel
971 3717 1020 3793 qui
1050 3718 1138 3776 etiam

144 3818 225 3857 nunc
239 3819 306 3857 reus
320 3810 364 3858 est
377 3801 457 3872 facti,
473 3810 523 3858 aut
534 3798 677 3876 preclari,
694 3806 744 3854 aut
757 3798 836 3866 certe
851 3798 1027 3856 necessarii:
1049 3817 1086 3855 an
1107 3797 1138 3856 in

144 3877 271 3937 Clodiol
301 3879 413 3956 quiite
435 3879 548 3956 judicia
566 3895 741 3956 poenamque
770 3887 991 3956 contempserat,
1012 3886 1045 3936 ut
1070 3896 1139 3935 eum
