2658 4468
337 422 475 473 onemo
497 422 568 473 nno
588 423 620 474 n.
642 424 758 475 numo
779 383 930 474 manna.
1126 423 1199 483 127.

128 589 189 628 non
212 567 306 627 solum
329 567 407 626 lama
425 566 485 643 jam
506 568 543 626 de
563 567 621 638 illo,
649 569 700 625 sed
713 567 802 626 etiarn
824 565 934 638 latitia,
954 564 1118 643 peragravit

128 650 345 719 Quamobrem,
373 646 424 703 ubi
451 666 553 723 corpus
581 647 637 704 hoc
667 647 714 718 sit,
745 648 832 718 non,''
864 647 967 719 inquit,
989 646 1126 717 “laboro,

130 727 270 803 quoniam
283 726 417 785 omnibus
432 726 461 784 in
475 726 559 783 terris
573 737 602 783 et
612 726 673 802 jam
693 736 832 798 versatur,
846 736 876 784 et
889 744 1001 802 semper
1016 724 1128 782 habita·
1221 746 1228 764 ·

131 806 186 876 bit,
201 807 327 864 nominis
340 804 399 862 mei
412 804 531 881 gloria''

173 884 323 942 XXXVI.
366 884 442 941 Haec
470 894 503 941 tu
531 903 647 941 mecum
669 903 753 960 sape,
784 883 830 941 his
851 884 1035 942 absentibus:
1066 881 1127 952 sed,
1162 895 1181 948 5

131 963 238 1022 iisdem
253 962 446 1033 audientibus,
461 963 525 1020 haec
538 982 593 1039 ego
607 973 715 1034 tecum,
731 962 812 1021 Milo.
854 962 902 1020 Te
916 963 1043 1037 quidem,
1059 960 1127 1018 clim

132 1041 189 1100 isto
213 1042 309 1100 animo
332 1061 373 1113 es,
396 1041 466 1098 satis
488 1042 608 1099 laudare
628 1061 686 1100 non
705 1060 837 1118 possum:
859 1043 920 1107 sed,
938 1040 996 1116 qud
1010 1050 1054 1098 est
1074 1040 1129 1097 ista

132 1121 228 1217 magis
249 1121 348 1178 divina
368 1120 468 1191 virtus,
491 1118 527 1178 eo
553 1116 661 1196 majore
684 1139 701 1177 a
724 1131 753 1178 te
774 1120 871 1178 dolore
892 1120 1018 1178 divellor.
1061 1118 1128 1176 Nec

132 1219 213 1270 vero,
228 1200 253 1257 si
266 1200 338 1257 mibi
351 1199 480 1275 eriperis,
494 1199 605 1275 reliqua
619 1210 662 1257 est
676 1200 725 1257 illa
746 1199 848 1257 saltem
863 1200 900 1257 ad
922 1198 1128 1257 consolandum

131 1279 262 1353 querela,
277 1290 309 1336 ut
323 1278 368 1335 his
382 1277 468 1336 irasci
481 1278 598 1354 possim,
621 1297 639 1336 a
661 1278 765 1354 quibus
785 1288 898 1336 tantum
923 1279 1025 1336 vulnus
1047 1285 1181 1338 acce-10

131 1377 211 1434 pero.
253 1358 322 1415 Non
336 1357 415 1414 enim
429 1356 541 1415 inimici
552 1356 609 1414 mei
620 1368 649 1415 te
657 1357 727 1415 mihi
737 1357 870 1435 eripient,
881 1358 932 1416 sed
942 1355 1127 1424 amicissimi;

131 1456 193 1494 non
220 1434 297 1494 ruald
328 1436 484 1510 aliquando
513 1436 550 1494 do
579 1454 626 1494 me
658 1437 763 1508 meriti,
791 1439 841 1495 sed
869 1456 981 1513 semper
1010 1432 1127 1512 optIme.

132 1514 258 1573 Nullum
283 1533 421 1590 unquam,
446 1514 570 1592 judices,
599 1515 670 1572 mibi
699 1526 811 1574 tanturn
842 1516 969 1573 dolorem
996 1513 1127 1583 inuretis,

134 1593 204 1670 (etsi
218 1594 283 1668 quis
295 1604 388 1670 potest
401 1613 465 1651 esse
478 1595 610 1672 tantnsl)
626 1595 676 1652 sed
691 1614 728 1653 ne
749 1596 827 1653 bunc
842 1595 959 1669 quidem
978 1593 1081 1670 ipsum,
1096 1601 1128 1649 ut

131 1671 297 1743 obliviscar,
324 1672 424 1748 quanti
444 1691 491 1729 me
511 1692 623 1749 semper
644 1673 779 1732 feceritis.
827 1673 905 1735 Qua
930 1673 954 1730 si
981 1692 1031 1731 vos
1051 1667 1180 1747 cepit16

131 1751 249 1823 oblivio,
265 1761 314 1808 aut
328 1751 352 1808 si
373 1750 403 1809 in
423 1769 471 1808 me
492 1750 599 1827 aliquid
619 1752 797 1822 offendistis3
819 1771 871 1810 cur
884 1772 942 1811 non
957 1751 987 1808 id
1000 1770 1065 1808 meo
1079 1768 1128 1807 ca·

131 1830 194 1906 pite
212 1827 307 1907 potiris
328 1830 426 1900 luitur,
450 1828 537 1905 qudm
561 1830 702 1889 Milonis!
756 1830 900 1889 Praeclare
922 1830 999 1889 enim
1020 1829 1127 1900 vixero,

135 1908 161 1965 si
176 1909 244 1982 quid
254 1908 325 1967 mihi
339 1909 480 1967 acciderit
492 1906 582 1985 prius,
597 1909 682 1984 qudm
699 1912 753 1968 hoo
767 1921 879 1968 tantum
893 1909 961 1967 mali
976 1909 1083 1966 videro.

178 1987 267 2044 Nunc
289 2007 335 2046 me
356 2006 416 2046 una
436 1988 594 2046 consolatio
613 1999 764 2060 sustentat,
789 1987 867 2066 quod
889 1988 953 2059 tibi,
975 1987 1013 2045 T.
1035 1984 1126 2058 Anni,

134 2066 248 2124 nullum
262 2085 278 2123 a
290 2086 336 2125 me
351 2067 465 2137 amoris,
480 2058 592 2125 nullum
613 2069 711 2140 studii,
725 2070 836 2127 nullum
859 2067 985 2144 pietatis,
998 2065 1126 2125 officium
1142 2072 1179 2128 2⁰

133 2145 235 2203 defuit.
288 2146 353 2223 Ego
383 2145 551 2204 inimicitias
578 2148 737 2223 potentium
767 2168 818 2224 pro
847 2158 877 2205 te
898 2145 1039 2224 appetivi:
1071 2165 1126 2221 ego

132 2242 232 2281 meum
249 2243 323 2300 saepe
337 2244 440 2301 corpus
454 2235 483 2283 et
494 2225 580 2283 vitam
590 2227 684 2302 objeci
699 2227 786 2285 armis
800 2226 983 2285 inimicorum
993 2235 1125 2282 tuorum:

130 2323 188 2380 ego
212 2322 257 2361 me
278 2304 407 2379 plurimis
433 2324 484 2380 pro
510 2314 539 2363 to
559 2305 718 2382 supplicem
749 2305 861 2381 abjeci:
891 2305 976 2375 bona,
998 2301 1127 2360 fortunas

130 2400 223 2451 meas,
238 2401 274 2440 ac
286 2382 442 2441 liberorum
462 2402 601 2454 meorum,
616 2383 646 2442 in
671 2383 903 2442 communionem
924 2393 1040 2440 tuorum
1054 2391 1126 2437 tem·

129 2480 233 2537 porum
246 2461 372 2520 contuli:
394 2464 448 2520 boo
463 2462 589 2539 denique
603 2463 664 2539 ipso
677 2463 734 2533 die,
749 2462 775 2520 si
788 2481 846 2537 qna
859 2461 902 2518 vis
915 2471 959 2518 est
976 2469 1086 2537 parata,
1101 2459 1125 2515 si
1141 2461 1179 2517 2⁵

130 2559 190 2614 qua
210 2540 369 2598 deminutio
392 2542 496 2617 capitis
517 2542 622 2612 sutura,
648 2543 779 2617 deposco.
827 2540 911 2601 Quid
936 2539 996 2616 jam
1017 2540 1125 2597 restatl

130 2619 202 2693 quid
215 2619 318 2689 habeo,
332 2621 408 2696 quod
422 2621 529 2692 dicam,
544 2621 620 2695 quod
635 2620 751 2691 faciam,
765 2640 817 2697 pro
836 2619 895 2676 tuis
908 2618 937 2677 in
949 2638 995 2676 me
1006 2617 1125 2688 meritis,

129 2697 189 2755 nisi
210 2708 242 2754 nt
265 2717 330 2756 eam
353 2698 506 2770 fortunam,
521 2718 701 2775 quacunque
722 2699 777 2757 erit
795 2709 856 2770 tua,
876 2699 983 2756 ducam
1003 2699 1124 2755 meaml

129 2776 200 2834 Non
214 2796 326 2847 recuso,
340 2797 398 2836 non
419 2779 533 2837 abnuo:
555 2798 660 2853 vosque
683 2779 813 2850 obsecro,
835 2778 958 2855 judices,
979 2786 1012 2835 ut
1031 2788 1126 2835 vestra

130 2855 284 2926 beneficia,
299 2875 362 2930 qna
377 2857 407 2914 in
422 2876 469 2916 me
483 2857 654 2928 contulistis,
670 2858 763 2916 autin
778 2857 863 2935 hujus
876 2858 969 2916 salute
983 2855 1124 2934 augeatis,
1141 2860 1178 2916 30

130 2943 183 2991 aut
197 2933 227 2991 in
241 2935 370 3010 ejusdem
383 2936 472 2994 exitio
484 2956 625 2995 occasura
638 2958 702 2996 esso
715 2937 845 2996 videatis.

170 3010 336 3072 XXXVII.
378 3015 434 3072 His
447 3016 583 3091 lacrymis
596 3036 654 3075 non
668 3026 796 3076 movetur
810 3016 892 3075 Milo.
932 3015 987 3073 Est
1000 3015 1125 3090 quodam

129 3090 295 3149 incredibili
309 3094 410 3153 robore
425 3094 513 3152 animi
526 3114 532 3152 :
553 3095 686 3153 exsilium
711 3096 751 3154 ibi
775 3115 838 3154 esse
851 3105 942 3171 putat,
956 3093 1006 3153 ubi
1028 3092 1125 3151 virtuti

128 3191 188 3229 non
202 3171 241 3228 sit
254 3171 356 3231 locus:
378 3184 499 3231 mortem
512 3184 622 3232 naturae
645 3175 731 3233 finem
755 3195 828 3245 esse,
843 3194 901 3232 non
913 3191 1037 3249 poenam.
1080 3171 1125 3228 Sit

129 3249 180 3308 hic
194 3250 230 3307 eri
244 3261 350 3321 mente,
364 3254 420 3327 qud
435 3263 597 3311 natusest:
619 3255 689 3329 quid
704 3274 762 3324 vos,
774 3253 909 3330 judiees:
937 3271 993 3327 quo
1006 3251 1124 3308 tandem
1140 3261 1177 3315 35

130 3329 228 3387 animo
240 3328 344 3388 eritisl
386 3330 559 3390 MemorIam
583 3332 703 3391 Milonis
716 3331 897 3400 retinebitis3
919 3330 1013 3406 ipsum
1026 3327 1124 3404 ejicie-

127 3407 189 3465 tisl
210 3409 309 3466 eterit
334 3409 447 3486 dignior
460 3411 542 3468 locus
556 3411 586 3469 in
608 3412 691 3469 terris
716 3412 801 3481 ullus,
815 3410 865 3486 qui
889 3410 966 3466 hanc
988 3407 1123 3464 virtutem

128 3486 264 3563 excipiat,
279 3485 366 3564 quim
381 3488 439 3559 hic,
454 3489 504 3563 qui
516 3491 700 3565 procreavitl
741 3490 811 3561 Vos,
827 3508 877 3547 vos
898 3486 1018 3563 appello,
1033 3483 1125 3543 fortis·

127 3565 195 3622 simi
223 3566 286 3637 viri,
308 3566 357 3642 qui
387 3568 509 3625 multum
530 3589 582 3644 pro
601 3568 750 3646 republica
770 3567 942 3646 sanguinem
963 3563 1123 3635 effudistis3

128 3663 189 3715 vos,
211 3644 241 3702 in
263 3645 316 3703 viri
337 3646 416 3704 etin
438 3647 509 3704 civis
530 3647 629 3705 invicti
653 3646 763 3723 appello
775 3647 913 3724 perIculo,
928 3644 1122 3715 centuriones,
1140 3651 1176 3707 4ο

128 3741 245 3799 rosque,
269 3725 393 3783 milites:
415 3727 494 3784 vobis
515 3746 572 3784 non
594 3725 679 3786 modo
701 3725 939 3803 inspectantibus,
963 3723 1123 3782 sedetiam

130 3802 261 3874 armatis,
276 3813 306 3862 et
326 3804 396 3862 huic
413 3805 525 3881 judicio
542 3805 775 3882 prandentibus,
789 3807 853 3864 haec
876 3815 957 3863 tanta
977 3803 1067 3862 virtus
1087 3822 1123 3860 ex

128 3881 185 3940 hac
199 3882 271 3941 urbe
285 3883 465 3960 expelleturl
486 3885 743 3943 exterminabitur?
764 3884 952 3962 projicietur?
