2658 4468
317 362 455 411 ORATIO
477 361 547 410 PRO
568 361 600 410 T.
621 361 737 411 ANNIO
759 360 909 410 MILONE.
1104 360 1161 423 105

108 527 167 586 pus
180 507 271 565 ullum
285 506 407 583 dignum
422 505 485 577 fuit,
497 504 576 564 certe
591 506 655 563 haec
669 505 699 563 in
714 505 762 563 ills
777 504 867 563 causa
888 523 1001 562 summa
1013 504 1112 561 omnia

113 589 243 645 fuerunt.
284 585 439 644 Insidiator
454 596 516 643 erat
530 586 560 643 in
574 585 634 644 soro
648 585 814 656 collocatus,
838 596 924 659 atque
944 585 973 642 iu
988 585 1113 642 vestibu-

114 667 145 724 lo
159 666 220 742 ipso
234 665 368 722 senatuis:
389 665 417 722 ei
432 665 493 722 viro
507 675 605 722 autem
619 684 695 722 mors
717 665 883 741 parabatur,
898 665 982 740 cujus
1002 663 1033 721 iu
1054 664 1113 721 vita

116 745 263 804 nitebatur
283 744 360 801 salus
381 744 506 801 civitatis
517 763 525 814 ;
548 763 583 801 eo
595 742 679 821 porrd
701 744 866 819 reipublicae
886 753 1024 820 tempore,
1045 762 1112 817 quo,

117 825 143 882 si
164 843 239 880 unus
266 823 313 881 ille
333 824 499 894 occidisset,
521 843 579 880 non
603 825 666 880 bec
687 820 780 880 solum
807 823 919 893 civitas,
941 823 992 880 sed
1012 832 1114 899 gentes
1145 828 1163 881 5

115 922 218 963 omnes
238 903 442 960 concidissent.
483 902 551 959 Nisi
570 900 654 972 forte,
669 902 738 977 quia
759 903 888 978 perfecta
911 910 958 959 'res
978 922 1036 960 non
1059 912 1113 972 est,

116 1002 176 1041 non
190 981 572 1058 ¹fuitpunienda;.perinde
596 981 679 1056 quasi
701 981 795 1038 exitus
818 999 924 1051 rerum,
947 1001 1004 1039 uon
1026 981 1116 1039 bomi-

115 1080 189 1120 num
211 1061 344 1131 consilia,
368 1061 481 1137 legibus
502 1061 695 1118 vindicentur.
748 1057 850 1116 Minius
872 1060 1028 1118 dolendum
1050 1060 1114 1130 suit,

115 1161 150 1199 re
164 1160 222 1197 non
236 1139 364 1217 perfecti
375 1161 383 1209 ;
404 1140 456 1198 sed
468 1139 649 1216 puniendum
671 1137 751 1196 certe
774 1139 865 1197 nihilo
888 1137 993 1196 mimis.
1034 1139 1117 1200 Quo·

115 1220 174 1278 ties
189 1239 243 1296 ego
257 1219 328 1295 ipse,
340 1218 464 1294 judices
478 1238 515 1276 ex
528 1219 560 1276 P.
584 1219 681 1276 Clodii
705 1218 780 1289 telis,
806 1228 836 1274 et
857 1238 892 1276 err
913 1218 1041 1276 cruentis
1055 1218 1117 1294 ejus
1132 1221 1166 1275 10

116 1298 264 1369 manibus,
287 1298 394 1374 effugi!
417 1318 454 1356 ex
475 1298 580 1374 quibus
602 1298 627 1355 si
641 1317 688 1354 me
708 1318 766 1355 nou
787 1297 830 1353 vel
846 1317 911 1355 mea
924 1298 968 1355 vel
983 1297 1118 1373 reipubli-

117 1398 163 1436 cae
177 1378 293 1435 sortuna
306 1377 458 1449 servasset,
473 1377 538 1452 quis
559 1377 677 1435 tandem
699 1377 736 1434 de
759 1377 878 1434 interitu
900 1396 965 1435 meo
986 1377 1118 1452 quaestio·

116 1477 187 1516 nem
201 1456 316 1514 tulisset
327 1459 339 1512 l

160 1535 248 1594 VIII.
281 1535 340 1594 Sed
369 1534 448 1593 stulti
479 1554 589 1607 sumus,
610 1534 660 1611 qui
687 1534 826 1605 Drusum,
855 1534 904 1608 qui
931 1536 1106 1593 Africanum

118 1615 300 1691 Pompeium,
314 1625 427 1673 nosmet
438 1614 523 1691 ipsos,
557 1633 606 1673 um
627 1616 659 1673 P.
675 1613 779 1671 Clodio
795 1615 926 1672 conferre
950 1616 1116 1673 audeamus.
1133 1615 1168 1670 1⁵

118 1693 301 1753 Tolerabilis
315 1695 431 1752 suerunt
445 1694 512 1751 illa:
534 1634 566 1752 d.
582 1694 678 1752 Clodii
693 1703 814 1752 mortem
828 1713 910 1768 aequo
924 1694 1021 1752 animo
1033 1713 1119 1752 nemo

120 1773 195 1831 serre
222 1783 324 1850 potest.
366 1773 463 1850 Luget
491 1778 625 1831 senatus:
654 1783 757 1830 moeret
784 1782 916 1848 equester
945 1774 1031 1832 ordo:
1059 1783 1120 1830 tota

122 1852 225 1910 civitas
248 1853 382 1911 confecta
404 1853 487 1910 senio
508 1862 569 1910 est:
590 1852 724 1927 squalent
745 1852 921 1928 municipia:
944 1853 1119 1910 afflictantur

123 1931 261 1989 colonie:
283 1931 345 2007 agri
368 1931 493 2007 denique
516 1931 570 2008 ipsi
591 1939 650 1989 tam
672 1931 847 2002 beneficum,
871 1943 930 1989 tam
952 1932 1119 2002 salutarem,

123 2019 184 2067 tam
211 2019 403 2080 mansuetum,
430 2011 524 2068 civem
550 2010 724 2068 desiderant
765 2010 834 2069 Non
862 2011 916 2068 suit
936 2030 972 2069 ea
990 2009 1119 2087 profecto
1133 2006 1170 2062 ω

123 2106 225 2157 causa,
247 2087 370 2163 judices,
392 2109 449 2147 non
471 2089 534 2161 fuit,
550 2110 602 2148 cur
624 2090 680 2147 sibi
703 2100 836 2148 censeret
857 2090 1011 2167 Pompeius
1031 2110 1122 2165 quaes·

122 2166 233 2224 tionem
249 2166 414 2225 ferendam:
435 2169 486 2226 sed
500 2170 587 2228 homo
601 2169 726 2246 sapiens,
740 2180 769 2227 et
784 2170 841 2228 altri
858 2167 902 2247 [et
921 2170 1034 2260 diuina]
1051 2169 1122 2243 qud-

121 2246 191 2303 dam
215 2254 313 2302 mente
336 2246 480 2321 preditus,
502 2248 592 2306 multa
611 2249 699 2306 vidit:
731 2249 819 2307 fuisse
846 2249 902 2306 sibi
924 2249 1006 2307 illum
1027 2248 1121 2306 mimi·

121 2344 203 2395 curn,
219 2324 392 2382 familiarem
407 2325 554 2386 Milonem.
595 2327 631 2385 In
646 2329 794 2386 communi
814 2328 944 2385 omniurn
965 2327 1075 2397 laetitia,
1096 2326 1121 2384 si

120 2404 213 2461 etiam
239 2403 300 2479 ipse
323 2405 471 2480 gauderet¹
496 2406 600 2479 timuit,
615 2427 652 2465 ne
666 2408 811 2465 videretur
826 2407 965 2464 Infirmior
985 2406 1058 2463 fides
1078 2406 1171 2463 re-25

121 2482 289 2541 conciliatae
303 2482 412 2559 gratiae.
453 2483 548 2543 Multa
561 2488 649 2545 etiarn
664 2486 722 2544 alia
735 2486 816 2556 vidit,
831 2485 882 2542 sed
897 2485 966 2542 illud
978 2482 1121 2542 maxime:

122 2562 256 2636 quamvis
272 2562 405 2620 atrociter
420 2562 480 2639 ipse
493 2565 615 2638 tulisset,
629 2586 679 2624 vos
692 2575 790 2623 tamen
811 2565 920 2623 sortiter
932 2564 1120 2640 judicaturos.

122 2641 229 2716 Itaque
253 2641 363 2718 delegit
386 2662 403 2700 c
425 2642 635 2703 florentissimis
657 2645 807 2703 ordinibus
827 2644 889 2720 ipsa
902 2643 1021 2701 lumina.
1062 2643 1122 2702 Ne·

122 2739 179 2795 que
209 2718 275 2777 verd
306 2719 396 2797 (quod
422 2723 554 2781 nonnulli
581 2725 730 2802 dictitant)
758 2724 891 2794 secrevit,
919 2724 949 2781 in
973 2722 1121 2799 judicibus

122 2799 266 2876 legendis,
282 2801 390 2858 amicos
404 2820 502 2861 meos:
524 2804 711 2879 nequeenim
732 2805 786 2862 boc
807 2804 945 2880 cogitavit
964 2805 1006 2861 vir
1025 2804 1121 2879 justis·
1133 2802 1170 2856 30

121 2879 229 2948 simus;
251 2898 356 2954 neque,
382 2880 412 2937 in
437 2882 521 2939 bonis
534 2883 603 2940 viris
625 2883 766 2960 legendis,
782 2884 810 2940 id
834 2883 948 2959 assequi
971 2885 1119 2959 potuisset,

122 2958 237 3014 etiamsi
252 2957 387 3034 cupisset.
429 2959 460 3017 N
461 2981 499 3018 ou
513 2961 592 3018 euim
606 2981 672 3020 mea
685 2963 779 3039 gratia
793 2963 1038 3021 familiaritatibus
1053 2984 1121 3022 con·

122 3036 241 3108 tinctur,
255 3057 318 3112 quae
332 3036 391 3095 latd
406 3048 505 3114 patere
519 3060 576 3098 non
590 3053 717 3117 possunt,
737 3052 888 3117 propterea
908 3041 986 3117 quod
1000 3062 1121 3100 consue·

122 3115 239 3173 tudines
253 3116 347 3174 victds
370 3138 427 3175 non
449 3129 568 3194 possunt
591 3140 654 3179 esse
676 3140 744 3178 curn
766 3121 871 3178 multis.
914 3121 983 3191 Sed,
1006 3122 1120 3196 siquid

121 3214 284 3271 possumus,
313 3215 350 3253 ex
375 3216 411 3254 eo
436 3217 597 3273 possumus,
618 3197 696 3274 qudd
717 3200 880 3276 respublica
900 3220 952 3257 nos
972 3201 1170 3274 conjunxit35

123 3293 191 3330 cum
206 3274 308 3331 bonis:
330 3276 485 3350 exquibus
499 3277 548 3335 ille
563 3276 630 3335 crim
649 3280 771 3354 optimos
795 3279 870 3336 viros
892 3279 1011 3354 legeret,
1032 3279 1120 3351 idque

122 3350 250 3409 maxime
272 3353 309 3409 ad
336 3353 423 3411 fidem
451 3375 534 3413 suam
560 3358 704 3434 pertinere
732 3357 928 3428 arbitraretur,
949 3376 1007 3414 non
1029 3357 1122 3433 potuit

122 3431 221 3508 legere
235 3451 293 3490 non
307 3433 448 3492 studiosos
462 3436 529 3493 mei.

162 3507 256 3571 Quod
270 3510 337 3569 verd
353 3522 391 3584 te,
407 3512 440 3570 L.
456 3514 578 3585 Domiti,
593 3515 662 3572 huic
683 3513 834 3590 quaestioni
857 3533 980 3590 praeesse
994 3514 1120 3572 maxime

122 3590 223 3659 voluit,
251 3589 322 3647 nihil
347 3593 478 3665 quaesiuit
506 3593 595 3665 aliud,
617 3595 673 3652 nisi
694 3592 845 3669 justitiam,
868 3594 1048 3670 gravitatem,
1070 3595 1170 3654 hu-to

122 3669 303 3739 manitatem,
332 3670 428 3728 fidem.
484 3672 578 3743 Tulit,
605 3682 638 3731 ut
669 3671 851 3730 consularem
878 3692 998 3732 necesse
1026 3686 1119 3733 esset:

123 3748 222 3816 credo,
237 3746 314 3821 quod
327 3750 491 3826 principum
506 3770 612 3809 munus
626 3771 689 3809 esse
704 3751 839 3822 ducebat,
854 3751 988 3812 resistere
1002 3750 1032 3812 ct
1053 3754 1122 3813 levi·

122 3827 176 3887 tati
191 3826 394 3899 multitudinis,
409 3839 439 3887 ot
451 3831 627 3906 perditorum
651 3830 815 3888 temeritati.
858 3832 903 3890 Ex
922 3835 1121 3892 consularibus

122 3914 152 3962 te
179 3905 290 3962 creavit
308 3907 509 3981 potissimdm:
541 3909 662 3966 dederas
689 3909 778 3979 enirn,
806 3910 892 3983 qudm
920 3924 1121 3972 contemneres

122 3983 277 4063 populares
299 3983 436 4062 bisacias,
456 3988 517 4066 jam
532 3989 569 4046 ab
583 3988 779 4048 adolescentia
793 3989 967 4051 documenta
986 3994 1120 4052 mamma.
1135 4001 1170 4056 45
