<?xml version="1.0" encoding="UTF-8"?>
<!DOCTYPE html PUBLIC "-//W3C//DTD XHTML 1.0 Transitional//EN"
    "http://www.w3.org/TR/xhtml1/DTD/xhtml1-transitional.dtd">
<html xmlns="http://www.w3.org/1999/xhtml" xml:lang="en" lang="en">
 <head>
  <title>
</title>
<meta http-equiv="Content-Type" content="text/html;charset=utf-8" />
  <meta name='ocr-system' content='tesseract 3.04.00' />
  <meta name='ocr-capabilities' content='ocr_page ocr_carea ocr_par ocr_line ocrx_word'/>
</head>
<body>
  <div class='ocr_page' id='page_1' title='image "./orationesqudams01cicegoog/orationesqudams01cicegoog_0155.png"; bbox 0 0 2658 4468; ppageno 0'>
   <div class='ocr_carea' id='block_1_1' title="bbox 159 341 939 399">
    <p class='ocr_par' dir='ltr' id='par_1_1' title="bbox 159 341 939 399">
     <span class='ocr_line' id='line_1_1' title="bbox 159 341 939 399; baseline -0.012 1"><span class='ocrx_word' id='word_1_1' title='bbox 159 341 215 399; x_wconf 74' lang='lat'>152</span> <span class='ocrx_word' id='word_1_2' title='bbox 453 341 591 392; x_wconf 80' lang='lat' dir='ltr'>oassto</span> <span class='ocrx_word' id='word_1_3' title='bbox 612 341 651 392; x_wconf 78' lang='grc' dir='ltr'>ΙΝ</span> <span class='ocrx_word' id='word_1_4' title='bbox 673 341 703 391; x_wconf 86' lang='grc' dir='ltr'><strong>Μ</strong></span> <span class='ocrx_word' id='word_1_5' title='bbox 733 341 939 392; x_wconf 81' lang='lat' dir='ltr'>ANTONIUM.</span> 
     </span>
    </p>
   </div>
   <div class='ocr_carea' id='block_1_2' title="bbox 156 481 1199 1660">
    <p class='ocr_par' dir='ltr' id='par_1_2' title="bbox 156 481 1199 1660">
     <span class='ocr_line' id='line_1_2' title="bbox 202 481 1199 565; baseline 0.003 -25"><span class='ocrx_word' id='word_1_6' title='bbox 202 481 364 559; x_wconf 76' lang='lat' dir='ltr'><strong>Lupercus,</strong></span> <span class='ocrx_word' id='word_1_7' title='bbox 378 494 410 542; x_wconf 90' lang='lat' dir='ltr'>ut</span> <span class='ocrx_word' id='word_1_8' title='bbox 429 494 458 542; x_wconf 89' lang='lat' dir='ltr'>te</span> <span class='ocrx_word' id='word_1_9' title='bbox 479 486 628 543; x_wconf 89' lang='lat' dir='ltr'>consulem</span> <span class='ocrx_word' id='word_1_10' title='bbox 648 504 712 543; x_wconf 92' lang='lat' dir='ltr'>esse</span> <span class='ocrx_word' id='word_1_11' title='bbox 726 483 893 542; x_wconf 81' lang='lat' dir='ltr'>meminisse</span> <span class='ocrx_word' id='word_1_12' title='bbox 911 484 1047 565; x_wconf 89' lang='lat' dir='ltr'>deberes)</span> <span class='ocrx_word' id='word_1_13' title='bbox 1062 485 1199 543; x_wconf 87' lang='lat' dir='ltr'>diadema</span> 
     </span>
     <span class='ocr_line' id='line_1_3' title="bbox 202 561 1199 622; baseline 0.003 -4"><span class='ocrx_word' id='word_1_14' title='bbox 202 561 340 621; x_wconf 86' lang='lat' dir='ltr'>ostendis.</span> <span class='ocrx_word' id='word_1_15' title='bbox 380 563 513 620; x_wconf 90' lang='lat' dir='ltr'>Gemitus</span> <span class='ocrx_word' id='word_1_16' title='bbox 534 575 594 622; x_wconf 89' lang='lat' dir='ltr'>toto</span> <span class='ocrx_word' id='word_1_17' title='bbox 618 565 687 622; x_wconf 86' lang='lat' dir='ltr'>loro.</span> <span class='ocrx_word' id='word_1_18' title='bbox 736 562 821 621; x_wconf 84' lang='lat' dir='ltr'>Unde</span> <span class='ocrx_word' id='word_1_19' title='bbox 845 564 1003 620; x_wconf 86' lang='lat' dir='ltr'>diademal</span> <span class='ocrx_word' id='word_1_20' title='bbox 1035 565 1199 622; x_wconf 89' lang='lat' dir='ltr'>nonenim</span> 
     </span>
     <span class='ocr_line' id='line_1_4' title="bbox 203 639 1199 719; baseline 0.003 -23"><span class='ocrx_word' id='word_1_21' title='bbox 203 639 348 715; x_wconf 87' lang='lat' dir='ltr'>abjectum</span> <span class='ocrx_word' id='word_1_22' title='bbox 363 641 520 698; x_wconf 85' lang='lat' dir='ltr'>sustuleras</span> <span class='ocrx_word' id='word_1_23' title='bbox 528 661 536 712; x_wconf 90' lang='lat'>;</span> <span class='ocrx_word' id='word_1_24' title='bbox 557 642 609 700; x_wconf 86' lang='lat' dir='ltr'>scd</span> <span class='ocrx_word' id='word_1_25' title='bbox 623 644 761 701; x_wconf 75' lang='lat' dir='ltr'><strong>attuleras</strong></span> <span class='ocrx_word' id='word_1_26' title='bbox 774 643 861 700; x_wconf 91' lang='lat' dir='ltr'>domo</span> <span class='ocrx_word' id='word_1_27' title='bbox 873 642 1044 700; x_wconf 85' lang='lat' dir='ltr'>meditatum</span> <span class='ocrx_word' id='word_1_28' title='bbox 1068 653 1098 700; x_wconf 89' lang='lat' dir='ltr'>et</span> <span class='ocrx_word' id='word_1_29' title='bbox 1120 643 1199 719; x_wconf 89' lang='lat' dir='ltr'>cogi·</span> 
     </span>
     <span class='ocr_line' id='line_1_5' title="bbox 203 719 1197 797; baseline 0.004 -22"><span class='ocrx_word' id='word_1_30' title='bbox 203 725 294 775; x_wconf 83' lang='lat' dir='ltr'>tatum</span> <span class='ocrx_word' id='word_1_31' title='bbox 308 719 412 777; x_wconf 89' lang='lat' dir='ltr'>scelus.</span> <span class='ocrx_word' id='word_1_32' title='bbox 453 719 504 777; x_wconf 85' lang='lat' dir='ltr'>Tu</span> <span class='ocrx_word' id='word_1_33' title='bbox 518 721 653 779; x_wconf 89' lang='lat' dir='ltr'>diadema</span> <span class='ocrx_word' id='word_1_34' title='bbox 666 721 835 797; x_wconf 79' lang='lat' dir='ltr'>imponebas</span> <span class='ocrx_word' id='word_1_35' title='bbox 848 739 915 777; x_wconf 92' lang='lat' dir='ltr'>cum</span> <span class='ocrx_word' id='word_1_36' title='bbox 930 721 1068 797; x_wconf 75' lang='lat' dir='ltr'>plangore</span> <span class='ocrx_word' id='word_1_37' title='bbox 1081 721 1197 797; x_wconf 76' lang='lat' dir='ltr'>populi:</span> 
     </span>
     <span class='ocr_line' id='line_1_6' title="bbox 171 794 1198 876; baseline 0.005 -24"><span class='ocrx_word' id='word_1_38' title='bbox 171 794 252 853; x_wconf 76' lang='lat' dir='ltr'>title</span> <span class='ocrx_word' id='word_1_39' title='bbox 266 816 332 855; x_wconf 91' lang='lat' dir='ltr'>cum</span> <span class='ocrx_word' id='word_1_40' title='bbox 346 797 450 872; x_wconf 85' lang='lat' dir='ltr'>plausu</span> <span class='ocrx_word' id='word_1_41' title='bbox 463 798 621 875; x_wconf 79' lang='lat' dir='ltr'>rejiciebat.</span> <span class='ocrx_word' id='word_1_42' title='bbox 671 799 720 857; x_wconf 89' lang='lat' dir='ltr'>Tu</span> <span class='ocrx_word' id='word_1_43' title='bbox 742 818 811 876; x_wconf 86' lang='lat' dir='ltr'>ergo</span> <span class='ocrx_word' id='word_1_44' title='bbox 831 818 917 870; x_wconf 88' lang='lat' dir='ltr'>unus,</span> <span class='ocrx_word' id='word_1_45' title='bbox 932 799 1083 870; x_wconf 88' lang='lat' dir='ltr'>scelerate,</span> <span class='ocrx_word' id='word_1_46' title='bbox 1098 796 1198 857; x_wconf 89' lang='lat' dir='ltr'>iuven·</span> 
     </span>
     <span class='ocr_line' id='line_1_7' title="bbox 203 873 1198 954; baseline 0.004 -23"><span class='ocrx_word' id='word_1_47' title='bbox 203 883 250 932; x_wconf 89' lang='lat' dir='ltr'>tus</span> <span class='ocrx_word' id='word_1_48' title='bbox 263 894 309 946; x_wconf 81' lang='lat' dir='ltr'>es,¹</span> <span class='ocrx_word' id='word_1_49' title='bbox 319 877 378 950; x_wconf 89' lang='lat' dir='ltr'>qui,</span> <span class='ocrx_word' id='word_1_50' title='bbox 393 873 462 934; x_wconf 83' lang='lat' dir='ltr'>edm</span> <span class='ocrx_word' id='word_1_51' title='bbox 477 891 577 936; x_wconf 89' lang='lat' dir='ltr'>auctor</span> <span class='ocrx_word' id='word_1_52' title='bbox 591 878 673 954; x_wconf 89' lang='lat' dir='ltr'>regni</span> <span class='ocrx_word' id='word_1_53' title='bbox 693 897 782 948; x_wconf 88' lang='lat' dir='ltr'>esses,</span> <span class='ocrx_word' id='word_1_54' title='bbox 796 896 874 948; x_wconf 87' lang='lat' dir='ltr'>eum,</span> <span class='ocrx_word' id='word_1_55' title='bbox 894 897 979 952; x_wconf 88' lang='lat' dir='ltr'>quem</span> <span class='ocrx_word' id='word_1_56' title='bbox 994 878 1136 953; x_wconf 88' lang='lat' dir='ltr'>collegam</span> <span class='ocrx_word' id='word_1_57' title='bbox 1148 878 1198 935; x_wconf 91' lang='lat' dir='ltr'>ha·</span> 
     </span>
     <span class='ocr_line' id='line_1_8' title="bbox 204 953 1198 1032; baseline 0.005 -23"><span class='ocrx_word' id='word_1_58' title='bbox 204 953 304 1025; x_wconf 91' lang='lat' dir='ltr'>bebas,</span> <span class='ocrx_word' id='word_1_59' title='bbox 317 955 466 1013; x_wconf 88' lang='lat' dir='ltr'>dominum</span> <span class='ocrx_word' id='word_1_60' title='bbox 488 956 595 1013; x_wconf 85' lang='lat' dir='ltr'>habere</span> <span class='ocrx_word' id='word_1_61' title='bbox 610 957 696 1014; x_wconf 85' lang='lat' dir='ltr'>velles</span> <span class='ocrx_word' id='word_1_62' title='bbox 704 976 712 1026; x_wconf 94' lang='lat'>;</span> <span class='ocrx_word' id='word_1_63' title='bbox 734 967 764 1014; x_wconf 90' lang='lat' dir='ltr'>et</span> <span class='ocrx_word' id='word_1_64' title='bbox 778 956 855 1013; x_wconf 85' lang='lat' dir='ltr'>idem</span> <span class='ocrx_word' id='word_1_65' title='bbox 873 966 1010 1028; x_wconf 89' lang='lat' dir='ltr'>tentares,</span> <span class='ocrx_word' id='word_1_66' title='bbox 1024 955 1092 1031; x_wconf 89' lang='lat' dir='ltr'>quid</span> <span class='ocrx_word' id='word_1_67' title='bbox 1106 975 1198 1032; x_wconf 89' lang='lat' dir='ltr'>popu·</span> 
     </span>
     <span class='ocr_line' id='line_1_9' title="bbox 203 1031 736 1111; baseline 0.006 -22"><span class='ocrx_word' id='word_1_68' title='bbox 203 1031 250 1089; x_wconf 91' lang='lat' dir='ltr'>lus</span> <span class='ocrx_word' id='word_1_69' title='bbox 263 1032 417 1092; x_wconf 85' lang='lat' dir='ltr'>Romanus</span> <span class='ocrx_word' id='word_1_70' title='bbox 430 1033 504 1092; x_wconf 87' lang='lat' dir='ltr'>serre</span> <span class='ocrx_word' id='word_1_71' title='bbox 518 1045 547 1092; x_wconf 86' lang='lat' dir='ltr'>et</span> <span class='ocrx_word' id='word_1_72' title='bbox 560 1035 618 1111; x_wconf 88' lang='lat' dir='ltr'>pati</span> <span class='ocrx_word' id='word_1_73' title='bbox 633 1043 736 1111; x_wconf 89' lang='lat' dir='ltr'>posset.</span> 
     </span>
     <span class='ocr_line' id='line_1_10' title="bbox 245 1112 1196 1189; baseline 0.002 -21"><span class='ocrx_word' id='word_1_74' title='bbox 245 1112 286 1168; x_wconf 79' lang='lat' dir='ltr'>Ar</span> <span class='ocrx_word' id='word_1_75' title='bbox 309 1112 398 1171; x_wconf 90' lang='lat' dir='ltr'>etiam</span> <span class='ocrx_word' id='word_1_76' title='bbox 427 1113 654 1171; x_wconf 89' lang='lat' dir='ltr'>misericordiam</span> <span class='ocrx_word' id='word_1_77' title='bbox 677 1113 832 1189; x_wconf 89' lang='lat' dir='ltr'>captabas:</span> <span class='ocrx_word' id='word_1_78' title='bbox 859 1112 980 1188; x_wconf 81' lang='lat' dir='ltr'>supplex</span> <span class='ocrx_word' id='word_1_79' title='bbox 999 1123 1028 1170; x_wconf 90' lang='lat' dir='ltr'>te</span> <span class='ocrx_word' id='word_1_80' title='bbox 1050 1113 1087 1170; x_wconf 91' lang='lat' dir='ltr'>ad</span> <span class='ocrx_word' id='word_1_81' title='bbox 1107 1114 1196 1188; x_wconf 88' lang='lat' dir='ltr'>pedes</span> 
     </span>
     <span class='ocr_line' id='line_1_11' title="bbox 156 1186 1196 1267; baseline 0.002 -21"><span class='ocrx_word' id='word_1_82' title='bbox 156 1186 190 1241; x_wconf 84' lang='lat'>1⁰</span> <span class='ocrx_word' id='word_1_83' title='bbox 205 1189 379 1266; x_wconf 72' lang='lat' dir='ltr'>adjiciebas:</span> <span class='ocrx_word' id='word_1_84' title='bbox 412 1191 480 1267; x_wconf 90' lang='lat' dir='ltr'>quid</span> <span class='ocrx_word' id='word_1_85' title='bbox 501 1193 624 1267; x_wconf 87' lang='lat' dir='ltr'>peteusl</span> <span class='ocrx_word' id='word_1_86' title='bbox 658 1202 690 1249; x_wconf 94' lang='lat' dir='ltr'>ut</span> <span class='ocrx_word' id='word_1_87' title='bbox 716 1191 857 1250; x_wconf 85' lang='lat' dir='ltr'>serviresl</span> <span class='ocrx_word' id='word_1_88' title='bbox 898 1191 968 1249; x_wconf 89' lang='lat' dir='ltr'>Tibi</span> <span class='ocrx_word' id='word_1_89' title='bbox 996 1192 1046 1249; x_wconf 89' lang='lat' dir='ltr'>uni</span> <span class='ocrx_word' id='word_1_90' title='bbox 1073 1201 1196 1267; x_wconf 81' lang='lat' dir='ltr'>peteres,</span> 
     </span>
     <span class='ocr_line' id='line_1_12' title="bbox 203 1268 1195 1346; baseline 0.003 -22"><span class='ocrx_word' id='word_1_91' title='bbox 203 1269 252 1343; x_wconf 92' lang='lat' dir='ltr'>qui</span> <span class='ocrx_word' id='word_1_92' title='bbox 267 1269 307 1327; x_wconf 88' lang='lat' dir='ltr'>ita</span> <span class='ocrx_word' id='word_1_93' title='bbox 321 1288 337 1327; x_wconf 90' lang='lat' dir='ltr'>a</span> <span class='ocrx_word' id='word_1_94' title='bbox 350 1289 439 1344; x_wconf 88' lang='lat' dir='ltr'>puero</span> <span class='ocrx_word' id='word_1_95' title='bbox 452 1268 573 1340; x_wconf 85' lang='lat' dir='ltr'>vixeras,</span> <span class='ocrx_word' id='word_1_96' title='bbox 588 1281 620 1327; x_wconf 92' lang='lat' dir='ltr'>ut</span> <span class='ocrx_word' id='word_1_97' title='bbox 633 1270 731 1329; x_wconf 89' lang='lat' dir='ltr'>omnia</span> <span class='ocrx_word' id='word_1_98' title='bbox 750 1283 891 1346; x_wconf 85' lang='lat' dir='ltr'>paterere,</span> <span class='ocrx_word' id='word_1_99' title='bbox 905 1280 937 1327; x_wconf 92' lang='lat' dir='ltr'>ut</span> <span class='ocrx_word' id='word_1_100' title='bbox 955 1268 1041 1328; x_wconf 76' lang='lat' dir='ltr'>facile</span> <span class='ocrx_word' id='word_1_101' title='bbox 1055 1270 1195 1327; x_wconf 85' lang='lat' dir='ltr'>servires:</span> 
     </span>
     <span class='ocr_line' id='line_1_13' title="bbox 205 1347 1195 1422; baseline 0.004 -20"><span class='ocrx_word' id='word_1_102' title='bbox 205 1364 222 1403; x_wconf 92' lang='lat' dir='ltr'>a</span> <span class='ocrx_word' id='word_1_103' title='bbox 236 1347 319 1403; x_wconf 92' lang='lat' dir='ltr'>nobis</span> <span class='ocrx_word' id='word_1_104' title='bbox 332 1348 492 1422; x_wconf 85' lang='lat' dir='ltr'>populoque</span> <span class='ocrx_word' id='word_1_105' title='bbox 506 1347 642 1406; x_wconf 84' lang='lat' dir='ltr'>Romano</span> <span class='ocrx_word' id='word_1_106' title='bbox 656 1350 824 1407; x_wconf 87' lang='lat' dir='ltr'>mandatum</span> <span class='ocrx_word' id='word_1_107' title='bbox 838 1349 868 1407; x_wconf 93' lang='lat' dir='ltr'>id</span> <span class='ocrx_word' id='word_1_108' title='bbox 889 1347 969 1406; x_wconf 72' lang='lat' dir='ltr'>certe</span> <span class='ocrx_word' id='word_1_109' title='bbox 984 1368 1043 1406; x_wconf 88' lang='lat' dir='ltr'>non</span> <span class='ocrx_word' id='word_1_110' title='bbox 1057 1349 1195 1406; x_wconf 87' lang='lat' dir='ltr'>habebas.</span> 
     </span>
     <span class='ocr_line' id='line_1_14' title="bbox 204 1423 1197 1501; baseline 0.004 -20"><span class='ocrx_word' id='word_1_111' title='bbox 204 1423 233 1481; x_wconf 94' lang='grc' dir='ltr'><strong>Ο</strong></span> <span class='ocrx_word' id='word_1_112' title='bbox 247 1425 416 1500; x_wconf 74' lang='lat' dir='ltr'>preclaram</span> <span class='ocrx_word' id='word_1_113' title='bbox 429 1425 508 1483; x_wconf 89' lang='lat' dir='ltr'>illam</span> <span class='ocrx_word' id='word_1_114' title='bbox 522 1426 716 1501; x_wconf 84' lang='lat' dir='ltr'>eloquentiam</span> <span class='ocrx_word' id='word_1_115' title='bbox 730 1438 820 1498; x_wconf 89' lang='lat' dir='ltr'>tuam,</span> <span class='ocrx_word' id='word_1_116' title='bbox 835 1425 949 1485; x_wconf 80' lang='lat' dir='ltr'>crimes</span> <span class='ocrx_word' id='word_1_117' title='bbox 963 1428 1059 1485; x_wconf 86' lang='lat' dir='ltr'>nudus</span> <span class='ocrx_word' id='word_1_118' title='bbox 1080 1427 1197 1485; x_wconf 87' lang='lat' dir='ltr'>concio·</span> 
     </span>
     <span class='ocr_line' id='line_1_15' title="bbox 204 1502 1197 1582; baseline 0.003 -22"><span class='ocrx_word' id='word_1_119' title='bbox 204 1503 308 1561; x_wconf 88' lang='lat' dir='ltr'>uatusl</span> <span class='ocrx_word' id='word_1_120' title='bbox 348 1502 433 1565; x_wconf 77' lang='lat' dir='ltr'>Quid</span> <span class='ocrx_word' id='word_1_121' title='bbox 460 1505 516 1562; x_wconf 85' lang='lat' dir='ltr'>lroc</span> <span class='ocrx_word' id='word_1_122' title='bbox 537 1504 671 1581; x_wconf 90' lang='lat' dir='ltr'>turpiusl</span> <span class='ocrx_word' id='word_1_123' title='bbox 704 1506 774 1582; x_wconf 93' lang='lat' dir='ltr'>quid</span> <span class='ocrx_word' id='word_1_124' title='bbox 795 1506 919 1563; x_wconf 84' lang='lat' dir='ltr'>foediusl</span> <span class='ocrx_word' id='word_1_125' title='bbox 952 1505 1022 1580; x_wconf 90' lang='lat' dir='ltr'>quid</span> <span class='ocrx_word' id='word_1_126' title='bbox 1046 1505 1197 1581; x_wconf 82' lang='lat' dir='ltr'>suppliciis</span> 
     </span>
     <span class='ocr_line' id='line_1_16' title="bbox 156 1581 1197 1660; baseline 0.003 -21"><span class='ocrx_word' id='word_1_127' title='bbox 156 1584 190 1639; x_wconf 78' lang='lat'>15</span> <span class='ocrx_word' id='word_1_128' title='bbox 203 1581 337 1639; x_wconf 89' lang='lat' dir='ltr'>omuibus</span> <span class='ocrx_word' id='word_1_129' title='bbox 350 1581 488 1659; x_wconf 87' lang='lat' dir='ltr'>digniusl</span> <span class='ocrx_word' id='word_1_130' title='bbox 528 1582 609 1641; x_wconf 90' lang='lat' dir='ltr'>Num</span> <span class='ocrx_word' id='word_1_131' title='bbox 629 1595 791 1660; x_wconf 85' lang='lat' dir='ltr'>exspectas,</span> <span class='ocrx_word' id='word_1_132' title='bbox 804 1585 874 1641; x_wconf 90' lang='lat' dir='ltr'>dum</span> <span class='ocrx_word' id='word_1_133' title='bbox 887 1595 916 1641; x_wconf 93' lang='lat' dir='ltr'>te</span> <span class='ocrx_word' id='word_1_134' title='bbox 930 1584 1054 1641; x_wconf 90' lang='lat' dir='ltr'>stimulis</span> <span class='ocrx_word' id='word_1_135' title='bbox 1068 1583 1197 1642; x_wconf 80' lang='lat' dir='ltr'>fodiaml</span> 
     </span>
    </p>
   </div>
   <div class='ocr_carea' id='block_1_3' title="bbox 204 1658 1257 1738">
    <p class='ocr_par' dir='ltr' id='par_1_3' title="bbox 204 1658 1257 1738">
     <span class='ocr_line' id='line_1_17' title="bbox 204 1658 1257 1738; baseline 0.002 -21"><span class='ocrx_word' id='word_1_136' title='bbox 204 1659 268 1718; x_wconf 81' lang='lat' dir='ltr'>brec</span> <span class='ocrx_word' id='word_1_137' title='bbox 282 1670 321 1732; x_wconf 89' lang='lat' dir='ltr'>te,</span> <span class='ocrx_word' id='word_1_138' title='bbox 335 1661 360 1718; x_wconf 87' lang='lat' dir='ltr'>si</span> <span class='ocrx_word' id='word_1_139' title='bbox 374 1662 462 1719; x_wconf 89' lang='lat' dir='ltr'>ullam</span> <span class='ocrx_word' id='word_1_140' title='bbox 474 1672 585 1738; x_wconf 89' lang='lat' dir='ltr'>partem</span> <span class='ocrx_word' id='word_1_141' title='bbox 600 1663 702 1721; x_wconf 80' lang='lat' dir='ltr'>seusirs</span> <span class='ocrx_word' id='word_1_142' title='bbox 716 1663 815 1733; x_wconf 89' lang='lat' dir='ltr'>habes,</span> <span class='ocrx_word' id='word_1_143' title='bbox 830 1663 949 1731; x_wconf 88' lang='lat' dir='ltr'>lacerat,</span> <span class='ocrx_word' id='word_1_144' title='bbox 964 1663 1028 1720; x_wconf 78' lang='lat' dir='ltr'>haec</span> <span class='ocrx_word' id='word_1_145' title='bbox 1049 1672 1196 1734; x_wconf 87' lang='lat' dir='ltr'>cruentat,</span> <span class='ocrx_word' id='word_1_146' title='bbox 1251 1658 1257 1666; x_wconf 77' lang='grc'><strong>’</strong></span> 
     </span>
    </p>
   </div>
   <div class='ocr_carea' id='block_1_4' title="bbox 152 1740 1198 2284">
    <p class='ocr_par' dir='ltr' id='par_1_4' title="bbox 203 1740 1198 1975">
     <span class='ocr_line' id='line_1_18' title="bbox 203 1740 1196 1817; baseline 0.002 -20"><span class='ocrx_word' id='word_1_147' title='bbox 203 1740 303 1797; x_wconf 89' lang='lat' dir='ltr'>oratio.</span> <span class='ocrx_word' id='word_1_148' title='bbox 345 1740 465 1811; x_wconf 85' lang='lat' dir='ltr'>Vereor,</span> <span class='ocrx_word' id='word_1_149' title='bbox 480 1760 517 1800; x_wconf 89' lang='lat' dir='ltr'>ue</span> <span class='ocrx_word' id='word_1_150' title='bbox 537 1741 707 1798; x_wconf 90' lang='lat' dir='ltr'>imminuam</span> <span class='ocrx_word' id='word_1_151' title='bbox 727 1742 850 1799; x_wconf 88' lang='lat' dir='ltr'>virorum</span> <span class='ocrx_word' id='word_1_152' title='bbox 866 1760 1042 1800; x_wconf 89' lang='lat' dir='ltr'>summorum</span> <span class='ocrx_word' id='word_1_153' title='bbox 1056 1741 1196 1817; x_wconf 81' lang='lat' dir='ltr'>gloriam:</span> 
     </span>
     <span class='ocr_line' id='line_1_19' title="bbox 204 1817 1198 1896; baseline 0.002 -21"><span class='ocrx_word' id='word_1_154' title='bbox 204 1818 300 1875; x_wconf 89' lang='lat' dir='ltr'>dicam</span> <span class='ocrx_word' id='word_1_155' title='bbox 321 1827 419 1875; x_wconf 89' lang='lat' dir='ltr'>tamen</span> <span class='ocrx_word' id='word_1_156' title='bbox 440 1819 537 1876; x_wconf 91' lang='lat' dir='ltr'>dolore</span> <span class='ocrx_word' id='word_1_157' title='bbox 562 1829 732 1877; x_wconf 87' lang='lat' dir='ltr'>commotus.</span> <span class='ocrx_word' id='word_1_158' title='bbox 772 1819 855 1881; x_wconf 81' lang='lat' dir='ltr'>Quid</span> <span class='ocrx_word' id='word_1_159' title='bbox 878 1819 1035 1896; x_wconf 83' lang='lat' dir='ltr'>indignius,</span> <span class='ocrx_word' id='word_1_160' title='bbox 1049 1817 1136 1894; x_wconf 82' lang='lat' dir='ltr'>qudm</span> <span class='ocrx_word' id='word_1_161' title='bbox 1157 1820 1198 1877; x_wconf 88' lang='lat' dir='ltr'>vi·</span> 
     </span>
     <span class='ocr_line' id='line_1_20' title="bbox 205 1895 1196 1975; baseline 0.002 -22"><span class='ocrx_word' id='word_1_162' title='bbox 205 1916 271 1954; x_wconf 86' lang='lat' dir='ltr'>rere</span> <span class='ocrx_word' id='word_1_163' title='bbox 284 1916 363 1966; x_wconf 89' lang='lat' dir='ltr'>aum,</span> <span class='ocrx_word' id='word_1_164' title='bbox 374 1896 423 1972; x_wconf 88' lang='lat' dir='ltr'>qui</span> <span class='ocrx_word' id='word_1_165' title='bbox 438 1897 605 1973; x_wconf 89' lang='lat' dir='ltr'>imposuerit</span> <span class='ocrx_word' id='word_1_166' title='bbox 618 1898 762 1969; x_wconf 88' lang='lat' dir='ltr'>diadema,</span> <span class='ocrx_word' id='word_1_167' title='bbox 775 1895 844 1956; x_wconf 78' lang='lat' dir='ltr'>clun</span> <span class='ocrx_word' id='word_1_168' title='bbox 857 1917 959 1957; x_wconf 89' lang='lat' dir='ltr'>omnes</span> <span class='ocrx_word' id='word_1_169' title='bbox 973 1898 1119 1957; x_wconf 85' lang='lat' dir='ltr'>fateantur</span> <span class='ocrx_word' id='word_1_170' title='bbox 1129 1898 1196 1975; x_wconf 85' lang='lat' dir='ltr'>jure</span> 
     </span>
    </p>

    <p class='ocr_par' dir='ltr' id='par_1_5' title="bbox 152 1975 1198 2284">
     <span class='ocr_line' id='line_1_21' title="bbox 152 1975 714 2052; baseline 0 -18"><span class='ocrx_word' id='word_1_171' title='bbox 152 1979 190 2034; x_wconf 53' lang='grc' dir='ltr'>ἢ)</span> <span class='ocrx_word' id='word_1_172' title='bbox 204 1975 388 2033; x_wconf 86' lang='lat' dir='ltr'>intersectum</span> <span class='ocrx_word' id='word_1_173' title='bbox 403 1995 476 2047; x_wconf 87' lang='lat' dir='ltr'>esse,</span> <span class='ocrx_word' id='word_1_174' title='bbox 489 1976 539 2051; x_wconf 91' lang='lat' dir='ltr'>qui</span> <span class='ocrx_word' id='word_1_175' title='bbox 553 1976 714 2052; x_wconf 86' lang='lat' dir='ltr'>abjeceritl</span> 
     </span>
     <span class='ocr_line' id='line_1_22' title="bbox 243 2054 1198 2132; baseline 0.001 -20"><span class='ocrx_word' id='word_1_176' title='bbox 243 2054 384 2112; x_wconf 81' lang='lat' dir='ltr'>Atetiam</span> <span class='ocrx_word' id='word_1_177' title='bbox 404 2055 530 2112; x_wconf 86' lang='lat' dir='ltr'>adscribi</span> <span class='ocrx_word' id='word_1_178' title='bbox 548 2055 634 2132; x_wconf 85' lang='lat' dir='ltr'>jussit</span> <span class='ocrx_word' id='word_1_179' title='bbox 658 2056 688 2113; x_wconf 91' lang='lat' dir='ltr'>in</span> <span class='ocrx_word' id='word_1_180' title='bbox 712 2054 809 2113; x_wconf 88' lang='lat' dir='ltr'>Fastis</span> <span class='ocrx_word' id='word_1_181' title='bbox 830 2055 866 2112; x_wconf 88' lang='lat' dir='ltr'>ad</span> <span class='ocrx_word' id='word_1_182' title='bbox 888 2054 1072 2131; x_wconf 88' lang='lat' dir='ltr'>Lupercalia,</span> <span class='ocrx_word' id='word_1_183' title='bbox 1087 2074 1114 2112; x_wconf 88' lang='lat' dir='ltr'>c.</span> <span class='ocrx_word' id='word_1_184' title='bbox 1137 2074 1198 2113; x_wconf 73' lang='lat' dir='ltr'>cn·</span> 
     </span>
     <span class='ocr_line' id='line_1_23' title="bbox 203 2151 1196 2206; baseline 0 -14"><span class='ocrx_word' id='word_1_185' title='bbox 203 2151 284 2203; x_wconf 76' lang='lat' dir='ltr'>saar,</span> <span class='ocrx_word' id='word_1_186' title='bbox 295 2151 464 2191; x_wconf 79' lang='lat' dir='ltr'>nrcssroar</span> <span class='ocrx_word' id='word_1_187' title='bbox 479 2152 650 2206; x_wconf 71' lang='lat' dir='ltr'>namucno,</span> <span class='ocrx_word' id='word_1_188' title='bbox 664 2153 698 2192; x_wconf 79' lang='lat' dir='ltr'>ss.</span> <span class='ocrx_word' id='word_1_189' title='bbox 713 2152 887 2205; x_wconf 77' lang='lat' dir='ltr'>suroururr,</span> <span class='ocrx_word' id='word_1_190' title='bbox 901 2152 1074 2205; x_wconf 74' lang='lat' dir='ltr'>consonari,</span> <span class='ocrx_word' id='word_1_191' title='bbox 1086 2153 1196 2193; x_wconf 80' lang='lat' dir='ltr'>rorum</span> 
     </span>
     <span class='ocr_line' id='line_1_24' title="bbox 202 2212 1196 2284; baseline 0 -14"><span class='ocrx_word' id='word_1_192' title='bbox 202 2231 455 2284; x_wconf 68' lang='lat' dir='ltr'>summarorium</span> <span class='ocrx_word' id='word_1_193' title='bbox 476 2232 661 2284; x_wconf 71' lang='lat' dir='ltr'>annonast:</span> <span class='ocrx_word' id='word_1_194' title='bbox 683 2230 834 2271; x_wconf 67' lang='lat' dir='ltr'>cussanus</span> <span class='ocrx_word' id='word_1_195' title='bbox 858 2232 911 2272; x_wconf 80' lang='lat' dir='ltr'>uui</span> <span class='ocrx_word' id='word_1_196' title='bbox 925 2231 1083 2272; x_wconf 78' lang='lat' dir='ltr'>uoaurssa.</span> <span class='ocrx_word' id='word_1_197' title='bbox 1125 2212 1196 2271; x_wconf 83' lang='lat' dir='ltr'>Jam</span> 
     </span>
    </p>
   </div>
   <div class='ocr_carea' id='block_1_5' title="bbox 201 2289 1220 2367">
    <p class='ocr_par' dir='ltr' id='par_1_6' title="bbox 201 2289 1220 2367">
     <span class='ocr_line' id='line_1_25' title="bbox 201 2289 1220 2367; baseline 0.001 -19"><span class='ocrx_word' id='word_1_198' title='bbox 201 2291 262 2367; x_wconf 87' lang='lat' dir='ltr'>jam</span> <span class='ocrx_word' id='word_1_199' title='bbox 276 2289 394 2349; x_wconf 70' lang='lat' dir='ltr'>minime</span> <span class='ocrx_word' id='word_1_200' title='bbox 409 2292 508 2364; x_wconf 87' lang='lat' dir='ltr'>miror,</span> <span class='ocrx_word' id='word_1_201' title='bbox 521 2303 551 2350; x_wconf 92' lang='lat' dir='ltr'>te</span> <span class='ocrx_word' id='word_1_202' title='bbox 564 2291 655 2351; x_wconf 89' lang='lat' dir='ltr'>otium</span> <span class='ocrx_word' id='word_1_203' title='bbox 678 2292 864 2367; x_wconf 89' lang='lat' dir='ltr'>perturbare:</span> <span class='ocrx_word' id='word_1_204' title='bbox 892 2310 950 2348; x_wconf 89' lang='lat' dir='ltr'>non</span> <span class='ocrx_word' id='word_1_205' title='bbox 975 2289 1061 2349; x_wconf 81' lang='lat' dir='ltr'>modd</span> <span class='ocrx_word' id='word_1_206' title='bbox 1086 2290 1196 2349; x_wconf 91' lang='lat' dir='ltr'>Urbem</span> <span class='ocrx_word' id='word_1_207' title='bbox 1219 2312 1220 2315; x_wconf 45' lang='lat'>¹</span> 
     </span>
    </p>
   </div>
   <div class='ocr_carea' id='block_1_6' title="bbox 150 2369 1197 3864">
    <p class='ocr_par' dir='ltr' id='par_1_7' title="bbox 152 2369 1196 2604">
     <span class='ocr_line' id='line_1_26' title="bbox 152 2369 1196 2447; baseline 0 -21"><span class='ocrx_word' id='word_1_208' title='bbox 152 2369 189 2425; x_wconf 74' lang='lat'>25</span> <span class='ocrx_word' id='word_1_209' title='bbox 204 2371 309 2442; x_wconf 87' lang='lat' dir='ltr'>odisse,</span> <span class='ocrx_word' id='word_1_210' title='bbox 324 2371 375 2429; x_wconf 90' lang='lat' dir='ltr'>sed</span> <span class='ocrx_word' id='word_1_211' title='bbox 399 2371 487 2429; x_wconf 89' lang='lat' dir='ltr'>etiam</span> <span class='ocrx_word' id='word_1_212' title='bbox 509 2371 622 2441; x_wconf 88' lang='lat' dir='ltr'>lucem;</span> <span class='ocrx_word' id='word_1_213' title='bbox 643 2389 711 2428; x_wconf 90' lang='lat' dir='ltr'>oum</span> <span class='ocrx_word' id='word_1_214' title='bbox 734 2370 935 2447; x_wconf 88' lang='lat' dir='ltr'>perditissimis</span> <span class='ocrx_word' id='word_1_215' title='bbox 955 2369 1114 2427; x_wconf 90' lang='lat' dir='ltr'>latronibus</span> <span class='ocrx_word' id='word_1_216' title='bbox 1136 2389 1196 2427; x_wconf 90' lang='lat' dir='ltr'>non</span> 
     </span>
     <span class='ocr_line' id='line_1_27' title="bbox 203 2447 1195 2522; baseline -0.002 -15"><span class='ocrx_word' id='word_1_217' title='bbox 203 2447 297 2507; x_wconf 89' lang='lat' dir='ltr'>solirm</span> <span class='ocrx_word' id='word_1_218' title='bbox 318 2450 355 2507; x_wconf 93' lang='lat' dir='ltr'>de</span> <span class='ocrx_word' id='word_1_219' title='bbox 375 2450 433 2522; x_wconf 87' lang='lat' dir='ltr'>die,</span> <span class='ocrx_word' id='word_1_220' title='bbox 454 2450 505 2508; x_wconf 93' lang='lat' dir='ltr'>sed</span> <span class='ocrx_word' id='word_1_221' title='bbox 525 2450 613 2508; x_wconf 90' lang='lat' dir='ltr'>etiam</span> <span class='ocrx_word' id='word_1_222' title='bbox 633 2449 664 2506; x_wconf 92' lang='lat' dir='ltr'>in</span> <span class='ocrx_word' id='word_1_223' title='bbox 684 2449 772 2519; x_wconf 91' lang='lat' dir='ltr'>diem,</span> <span class='ocrx_word' id='word_1_224' title='bbox 786 2450 890 2509; x_wconf 84' lang='lat' dir='ltr'>vivere.</span> <span class='ocrx_word' id='word_1_225' title='bbox 931 2448 989 2506; x_wconf 90' lang='lat' dir='ltr'>Ubi</span> <span class='ocrx_word' id='word_1_226' title='bbox 1009 2448 1087 2505; x_wconf 90' lang='lat' dir='ltr'>enim</span> <span class='ocrx_word' id='word_1_227' title='bbox 1107 2459 1140 2506; x_wconf 93' lang='lat' dir='ltr'>tu</span> <span class='ocrx_word' id='word_1_228' title='bbox 1164 2448 1195 2505; x_wconf 95' lang='lat' dir='ltr'>in</span> 
     </span>
     <span class='ocr_line' id='line_1_28' title="bbox 202 2526 1196 2604; baseline -0.001 -19"><span class='ocrx_word' id='word_1_229' title='bbox 202 2546 276 2602; x_wconf 88' lang='lat' dir='ltr'>pace</span> <span class='ocrx_word' id='word_1_230' title='bbox 290 2529 450 2588; x_wconf 65' lang='lat' dir='ltr'>consistes?</span> <span class='ocrx_word' id='word_1_231' title='bbox 470 2528 520 2604; x_wconf 91' lang='lat' dir='ltr'>qui</span> <span class='ocrx_word' id='word_1_232' title='bbox 541 2529 622 2586; x_wconf 91' lang='lat' dir='ltr'>locus</span> <span class='ocrx_word' id='word_1_233' title='bbox 636 2528 688 2585; x_wconf 91' lang='lat' dir='ltr'>tibi</span> <span class='ocrx_word' id='word_1_234' title='bbox 702 2528 732 2586; x_wconf 87' lang='lat' dir='ltr'>iu</span> <span class='ocrx_word' id='word_1_235' title='bbox 754 2528 867 2604; x_wconf 87' lang='lat' dir='ltr'>legibus</span> <span class='ocrx_word' id='word_1_236' title='bbox 889 2536 919 2585; x_wconf 90' lang='lat' dir='ltr'>et</span> <span class='ocrx_word' id='word_1_237' title='bbox 940 2528 969 2584; x_wconf 94' lang='lat' dir='ltr'>in</span> <span class='ocrx_word' id='word_1_238' title='bbox 992 2526 1110 2603; x_wconf 90' lang='lat' dir='ltr'>judiciis</span> <span class='ocrx_word' id='word_1_239' title='bbox 1130 2544 1196 2584; x_wconf 89' lang='lat' dir='ltr'>esse</span> 
     </span>
    </p>

    <p class='ocr_par' dir='ltr' id='par_1_8' title="bbox 221 2605 1196 2761">
     <span class='ocr_line' id='line_1_29' title="bbox 241 2605 1195 2683; baseline -0.001 -20"><span class='ocrx_word' id='word_1_240' title='bbox 241 2617 306 2678; x_wconf 89' lang='lat' dir='ltr'>test,</span> <span class='ocrx_word' id='word_1_241' title='bbox 320 2626 383 2682; x_wconf 82' lang='lat' dir='ltr'>quae</span> <span class='ocrx_word' id='word_1_242' title='bbox 397 2617 439 2678; x_wconf 90' lang='lat' dir='ltr'>tu,</span> <span class='ocrx_word' id='word_1_243' title='bbox 454 2607 637 2682; x_wconf 89' lang='lat' dir='ltr'>quantumin</span> <span class='ocrx_word' id='word_1_244' title='bbox 652 2617 681 2664; x_wconf 92' lang='lat' dir='ltr'>te</span> <span class='ocrx_word' id='word_1_245' title='bbox 696 2607 758 2678; x_wconf 84' lang='lat' dir='ltr'>luit,</span> <span class='ocrx_word' id='word_1_246' title='bbox 773 2606 921 2664; x_wconf 88' lang='lat' dir='ltr'>dominatu</span> <span class='ocrx_word' id='word_1_247' title='bbox 935 2606 1015 2683; x_wconf 91' lang='lat' dir='ltr'>regio</span> <span class='ocrx_word' id='word_1_248' title='bbox 1035 2605 1195 2663; x_wconf 83' lang='lat' dir='ltr'>sustulistil</span> 
     </span>
     <span class='ocr_line' id='line_1_30' title="bbox 221 2683 1196 2761; baseline 0 -20"><span class='ocrx_word' id='word_1_249' title='bbox 221 2685 312 2742; x_wconf 90' lang='lat' dir='ltr'>deone</span> <span class='ocrx_word' id='word_1_250' title='bbox 327 2685 360 2742; x_wconf 92' lang='lat' dir='ltr'>L.</span> <span class='ocrx_word' id='word_1_251' title='bbox 376 2684 554 2760; x_wconf 87' lang='lat' dir='ltr'>Tarquinius</span> <span class='ocrx_word' id='word_1_252' title='bbox 567 2695 697 2756; x_wconf 90' lang='lat' dir='ltr'>exactus,</span> <span class='ocrx_word' id='word_1_253' title='bbox 713 2687 762 2761; x_wconf 88' lang='lat' dir='ltr'>Sp.</span> <span class='ocrx_word' id='word_1_254' title='bbox 777 2685 907 2756; x_wconf 86' lang='lat' dir='ltr'>Cassius,</span> <span class='ocrx_word' id='word_1_255' title='bbox 922 2684 1040 2756; x_wconf 90' lang='lat' dir='ltr'>Melius,</span> <span class='ocrx_word' id='word_1_256' title='bbox 1052 2683 1094 2741; x_wconf 89' lang='lat' dir='ltr'>M.</span> <span class='ocrx_word' id='word_1_257' title='bbox 1110 2683 1196 2741; x_wconf 88' lang='lat' dir='ltr'>Man-</span> 
     </span>
    </p>

    <p class='ocr_par' dir='ltr' id='par_1_9' title="bbox 151 2761 1196 2976">
     <span class='ocr_line' id='line_1_31' title="bbox 151 2761 1196 2839; baseline 0.002 -21"><span class='ocrx_word' id='word_1_258' title='bbox 151 2773 188 2830; x_wconf 75' lang='grc' dir='ltr'>ω</span> <span class='ocrx_word' id='word_1_259' title='bbox 203 2762 269 2833; x_wconf 87' lang='lat' dir='ltr'>lius,</span> <span class='ocrx_word' id='word_1_260' title='bbox 283 2762 390 2830; x_wconf 85' lang='lat' dir='ltr'>necati,</span> <span class='ocrx_word' id='word_1_261' title='bbox 404 2773 446 2833; x_wconf 88' lang='lat' dir='ltr'>ut,</span> <span class='ocrx_word' id='word_1_262' title='bbox 461 2763 558 2821; x_wconf 89' lang='lat' dir='ltr'>multis</span> <span class='ocrx_word' id='word_1_263' title='bbox 578 2761 644 2839; x_wconf 83' lang='lat' dir='ltr'>pdst</span> <span class='ocrx_word' id='word_1_264' title='bbox 665 2764 789 2835; x_wconf 74' lang='lat' dir='ltr'>seculis,</span> <span class='ocrx_word' id='word_1_265' title='bbox 805 2783 821 2821; x_wconf 91' lang='lat' dir='ltr'>a</span> <span class='ocrx_word' id='word_1_266' title='bbox 843 2763 885 2822; x_wconf 82' lang='lat' dir='ltr'>M.</span> <span class='ocrx_word' id='word_1_267' title='bbox 901 2764 1039 2834; x_wconf 84' lang='lat' dir='ltr'>Antonio,</span> <span class='ocrx_word' id='word_1_268' title='bbox 1052 2763 1128 2839; x_wconf 91' lang='lat' dir='ltr'>quod</span> <span class='ocrx_word' id='word_1_269' title='bbox 1151 2763 1196 2820; x_wconf 83' lang='lat' dir='ltr'>fas</span> 
     </span>
     <span class='ocr_line' id='line_1_32' title="bbox 202 2841 1196 2918; baseline 0.001 -21"><span class='ocrx_word' id='word_1_270' title='bbox 202 2859 261 2897; x_wconf 90' lang='lat' dir='ltr'>non</span> <span class='ocrx_word' id='word_1_271' title='bbox 282 2850 337 2905; x_wconf 90' lang='lat' dir='ltr'>est,</span> <span class='ocrx_word' id='word_1_272' title='bbox 358 2860 410 2899; x_wconf 90' lang='lat' dir='ltr'>rex</span> <span class='ocrx_word' id='word_1_273' title='bbox 436 2841 540 2898; x_wconf 74' lang='lat' dir='ltr'>Romae</span> <span class='ocrx_word' id='word_1_274' title='bbox 567 2842 812 2901; x_wconf 85' lang='lat' dir='ltr'>constituereturl</span> <span class='ocrx_word' id='word_1_275' title='bbox 854 2843 913 2901; x_wconf 90' lang='lat' dir='ltr'>Sed</span> <span class='ocrx_word' id='word_1_276' title='bbox 938 2842 974 2900; x_wconf 91' lang='lat' dir='ltr'>ad</span> <span class='ocrx_word' id='word_1_277' title='bbox 1002 2842 1132 2918; x_wconf 89' lang='lat' dir='ltr'>auspicia</span> <span class='ocrx_word' id='word_1_278' title='bbox 1153 2861 1196 2899; x_wconf 88' lang='lat' dir='ltr'>re·</span> 
     </span>
     <span class='ocr_line' id='line_1_33' title="bbox 202 2920 330 2976; baseline -0.008 0"><span class='ocrx_word' id='word_1_279' title='bbox 202 2920 330 2976; x_wconf 86' lang='lat' dir='ltr'>deamus.</span> 
     </span>
    </p>

    <p class='ocr_par' dir='ltr' id='par_1_10' title="bbox 202 2995 1196 3155">
     <span class='ocr_line' id='line_1_34' title="bbox 241 2995 1195 3074; baseline 0.002 -20"><span class='ocrx_word' id='word_1_280' title='bbox 241 2996 372 3055; x_wconf 86' lang='lat' dir='ltr'>XXXV.</span> <span class='ocrx_word' id='word_1_281' title='bbox 414 2995 460 3055; x_wconf 86' lang='lat' dir='ltr'>De</span> <span class='ocrx_word' id='word_1_282' title='bbox 473 2998 578 3074; x_wconf 88' lang='lat' dir='ltr'>quibus</span> <span class='ocrx_word' id='word_1_283' title='bbox 595 2999 682 3057; x_wconf 85' lang='lat' dir='ltr'>rebus</span> <span class='ocrx_word' id='word_1_284' title='bbox 703 2998 805 3057; x_wconf 91' lang='lat' dir='ltr'>Idibus</span> <span class='ocrx_word' id='word_1_285' title='bbox 827 2999 940 3060; x_wconf 88' lang='lat' dir='ltr'>Martiis</span> <span class='ocrx_word' id='word_1_286' title='bbox 962 2998 1015 3057; x_wconf 84' lang='lat' dir='ltr'>luit</span> <span class='ocrx_word' id='word_1_287' title='bbox 1036 2997 1067 3056; x_wconf 91' lang='lat' dir='ltr'>in</span> <span class='ocrx_word' id='word_1_288' title='bbox 1091 3009 1195 3056; x_wconf 86' lang='lat' dir='ltr'>senatu</span> 
     </span>
     <span class='ocr_line' id='line_1_35' title="bbox 202 3075 1196 3155; baseline 0.001 -22"><span class='ocrx_word' id='word_1_289' title='bbox 202 3075 300 3133; x_wconf 71' lang='lat' dir='ltr'>Cesar</span> <span class='ocrx_word' id='word_1_290' title='bbox 316 3086 442 3148; x_wconf 85' lang='lat' dir='ltr'>acturus,</span> <span class='ocrx_word' id='word_1_291' title='bbox 457 3097 563 3153; x_wconf 82' lang='lat' dir='ltr'>quaero,</span> <span class='ocrx_word' id='word_1_292' title='bbox 578 3088 638 3135; x_wconf 90' lang='lat' dir='ltr'>tum</span> <span class='ocrx_word' id='word_1_293' title='bbox 660 3088 690 3135; x_wconf 92' lang='lat' dir='ltr'>tu</span> <span class='ocrx_word' id='word_1_294' title='bbox 712 3078 780 3154; x_wconf 90' lang='lat' dir='ltr'>quid</span> <span class='ocrx_word' id='word_1_295' title='bbox 794 3079 912 3155; x_wconf 89' lang='lat' dir='ltr'>egisses.</span> <span class='ocrx_word' id='word_1_296' title='bbox 954 3078 1120 3136; x_wconf 83' lang='lat' dir='ltr'>Audiebam</span> <span class='ocrx_word' id='word_1_297' title='bbox 1134 3077 1196 3153; x_wconf 91' lang='lat' dir='ltr'>qui-</span> 
     </span>
    </p>

    <p class='ocr_par' dir='ltr' id='par_1_11' title="bbox 150 3155 1197 3549">
     <span class='ocr_line' id='line_1_36' title="bbox 150 3155 1196 3233; baseline 0.002 -23"><span class='ocrx_word' id='word_1_298' title='bbox 150 3163 187 3221; x_wconf 70' lang='lat'>35</span> <span class='ocrx_word' id='word_1_299' title='bbox 201 3155 266 3212; x_wconf 90' lang='lat' dir='ltr'>dem</span> <span class='ocrx_word' id='word_1_300' title='bbox 281 3165 310 3212; x_wconf 92' lang='lat' dir='ltr'>te</span> <span class='ocrx_word' id='word_1_301' title='bbox 323 3165 454 3232; x_wconf 89' lang='lat' dir='ltr'>paratum</span> <span class='ocrx_word' id='word_1_302' title='bbox 469 3156 591 3228; x_wconf 85' lang='lat' dir='ltr'>venisse,</span> <span class='ocrx_word' id='word_1_303' title='bbox 605 3155 682 3233; x_wconf 85' lang='lat' dir='ltr'>qudd</span> <span class='ocrx_word' id='word_1_304' title='bbox 704 3177 750 3215; x_wconf 91' lang='lat' dir='ltr'>me</span> <span class='ocrx_word' id='word_1_305' title='bbox 765 3157 802 3215; x_wconf 93' lang='lat' dir='ltr'>de</span> <span class='ocrx_word' id='word_1_306' title='bbox 815 3156 960 3216; x_wconf 87' lang='lat' dir='ltr'>ementitis</span> <span class='ocrx_word' id='word_1_307' title='bbox 974 3156 1120 3233; x_wconf 89' lang='lat' dir='ltr'>auspiciis,</span> <span class='ocrx_word' id='word_1_308' title='bbox 1135 3156 1196 3231; x_wconf 88' lang='lat' dir='ltr'>qui-</span> 
     </span>
     <span class='ocr_line' id='line_1_37' title="bbox 202 3232 1197 3311; baseline 0.002 -21"><span class='ocrx_word' id='word_1_309' title='bbox 202 3232 256 3290; x_wconf 91' lang='lat' dir='ltr'>bus</span> <span class='ocrx_word' id='word_1_310' title='bbox 269 3244 365 3292; x_wconf 89' lang='lat' dir='ltr'>tamen</span> <span class='ocrx_word' id='word_1_311' title='bbox 380 3254 481 3310; x_wconf 88' lang='lat' dir='ltr'>parere</span> <span class='ocrx_word' id='word_1_312' title='bbox 495 3254 616 3294; x_wconf 84' lang='lat' dir='ltr'>necesse</span> <span class='ocrx_word' id='word_1_313' title='bbox 630 3246 701 3305; x_wconf 86' lang='lat' dir='ltr'>erat,</span> <span class='ocrx_word' id='word_1_314' title='bbox 715 3246 831 3311; x_wconf 89' lang='lat' dir='ltr'>putares</span> <span class='ocrx_word' id='word_1_315' title='bbox 844 3256 907 3293; x_wconf 88' lang='lat' dir='ltr'>esse</span> <span class='ocrx_word' id='word_1_316' title='bbox 929 3236 1084 3293; x_wconf 89' lang='lat' dir='ltr'>dicturum.</span> <span class='ocrx_word' id='word_1_317' title='bbox 1127 3236 1197 3292; x_wconf 91' lang='lat' dir='ltr'>Sus·</span> 
     </span>
     <span class='ocr_line' id='line_1_38' title="bbox 202 3313 1195 3390; baseline 0 -20"><span class='ocrx_word' id='word_1_318' title='bbox 202 3313 267 3370; x_wconf 88' lang='lat' dir='ltr'>tulit</span> <span class='ocrx_word' id='word_1_319' title='bbox 281 3313 361 3372; x_wconf 92' lang='lat' dir='ltr'>illum</span> <span class='ocrx_word' id='word_1_320' title='bbox 380 3314 457 3372; x_wconf 90' lang='lat' dir='ltr'>diem</span> <span class='ocrx_word' id='word_1_321' title='bbox 479 3315 593 3373; x_wconf 86' lang='lat' dir='ltr'>fortuna</span> <span class='ocrx_word' id='word_1_322' title='bbox 611 3315 709 3390; x_wconf 92' lang='lat' dir='ltr'>populi</span> <span class='ocrx_word' id='word_1_323' title='bbox 731 3315 869 3372; x_wconf 86' lang='lat' dir='ltr'>Romani.</span> <span class='ocrx_word' id='word_1_324' title='bbox 909 3313 991 3372; x_wconf 91' lang='lat' dir='ltr'>Num</span> <span class='ocrx_word' id='word_1_325' title='bbox 1004 3314 1091 3372; x_wconf 87' lang='lat' dir='ltr'>etiam</span> <span class='ocrx_word' id='word_1_326' title='bbox 1112 3323 1195 3370; x_wconf 93' lang='lat' dir='ltr'>tuum</span> 
     </span>
     <span class='ocr_line' id='line_1_39' title="bbox 202 3392 1195 3469; baseline -0.002 -19"><span class='ocrx_word' id='word_1_327' title='bbox 202 3393 239 3450; x_wconf 91' lang='lat' dir='ltr'>de</span> <span class='ocrx_word' id='word_1_328' title='bbox 254 3394 390 3469; x_wconf 85' lang='lat' dir='ltr'>auspiciis</span> <span class='ocrx_word' id='word_1_329' title='bbox 410 3393 553 3469; x_wconf 87' lang='lat' dir='ltr'>judicium</span> <span class='ocrx_word' id='word_1_330' title='bbox 569 3393 701 3451; x_wconf 91' lang='lat' dir='ltr'>interitus</span> <span class='ocrx_word' id='word_1_331' title='bbox 717 3393 842 3450; x_wconf 74' lang='lat' dir='ltr'>Caesaris</span> <span class='ocrx_word' id='word_1_332' title='bbox 855 3393 989 3452; x_wconf 72' lang='lat' dir='ltr'>sumulitl</span> <span class='ocrx_word' id='word_1_333' title='bbox 1031 3392 1090 3450; x_wconf 88' lang='lat' dir='ltr'>Sed</span> <span class='ocrx_word' id='word_1_334' title='bbox 1104 3392 1195 3449; x_wconf 92' lang='lat' dir='ltr'>incidi</span> 
     </span>
     <span class='ocr_line' id='line_1_40' title="bbox 202 3471 1195 3549; baseline -0.003 -19"><span class='ocrx_word' id='word_1_335' title='bbox 202 3471 233 3529; x_wconf 92' lang='lat' dir='ltr'>in</span> <span class='ocrx_word' id='word_1_336' title='bbox 254 3472 283 3530; x_wconf 90' lang='lat' dir='ltr'>id</span> <span class='ocrx_word' id='word_1_337' title='bbox 305 3489 427 3549; x_wconf 87' lang='lat' dir='ltr'>tempus,</span> <span class='ocrx_word' id='word_1_338' title='bbox 449 3473 524 3548; x_wconf 88' lang='lat' dir='ltr'>quod</span> <span class='ocrx_word' id='word_1_339' title='bbox 546 3472 582 3530; x_wconf 91' lang='lat' dir='ltr'>iis</span> <span class='ocrx_word' id='word_1_340' title='bbox 601 3472 698 3544; x_wconf 90' lang='lat' dir='ltr'>rebus,</span> <span class='ocrx_word' id='word_1_341' title='bbox 720 3472 750 3529; x_wconf 91' lang='lat' dir='ltr'>in</span> <span class='ocrx_word' id='word_1_342' title='bbox 771 3491 842 3547; x_wconf 84' lang='lat' dir='ltr'>quas</span> <span class='ocrx_word' id='word_1_343' title='bbox 862 3472 993 3548; x_wconf 86' lang='lat' dir='ltr'>ingressa</span> <span class='ocrx_word' id='word_1_344' title='bbox 1012 3482 1074 3530; x_wconf 87' lang='lat' dir='ltr'>erat</span> <span class='ocrx_word' id='word_1_345' title='bbox 1093 3471 1195 3542; x_wconf 88' lang='lat' dir='ltr'>oratio,</span> 
     </span>
    </p>

    <p class='ocr_par' dir='ltr' id='par_1_12' title="bbox 151 3549 1196 3864">
     <span class='ocr_line' id='line_1_41' title="bbox 151 3549 1196 3628; baseline 0 -21"><span class='ocrx_word' id='word_1_346' title='bbox 151 3559 188 3614; x_wconf 77' lang='grc'>40</span> <span class='ocrx_word' id='word_1_347' title='bbox 201 3553 432 3625; x_wconf 73' lang='lat' dir='ltr'>praevertendum</span> <span class='ocrx_word' id='word_1_348' title='bbox 454 3562 585 3610; x_wconf 87' lang='lat' dir='ltr'>nonest.</span> <span class='ocrx_word' id='word_1_349' title='bbox 625 3550 704 3613; x_wconf 74' lang='lat' dir='ltr'>Quas</span> <span class='ocrx_word' id='word_1_350' title='bbox 732 3559 783 3608; x_wconf 88' lang='lat' dir='ltr'>tua</span> <span class='ocrx_word' id='word_1_351' title='bbox 802 3550 892 3628; x_wconf 80' lang='lat' dir='ltr'>fugai</span> <span class='ocrx_word' id='word_1_352' title='bbox 913 3570 977 3627; x_wconf 81' lang='lat' dir='ltr'>quas</span> <span class='ocrx_word' id='word_1_353' title='bbox 998 3549 1120 3609; x_wconf 87' lang='lat' dir='ltr'>formido</span> <span class='ocrx_word' id='word_1_354' title='bbox 1147 3550 1196 3607; x_wconf 92' lang='lat' dir='ltr'>illo</span> 
     </span>
     <span class='ocr_line' id='line_1_42' title="bbox 203 3628 1196 3705; baseline -0.002 -19"><span class='ocrx_word' id='word_1_355' title='bbox 203 3630 270 3686; x_wconf 83' lang='lat' dir='ltr'>diet</span> <span class='ocrx_word' id='word_1_356' title='bbox 291 3649 364 3705; x_wconf 72' lang='lat' dir='ltr'>que,</span> <span class='ocrx_word' id='word_1_357' title='bbox 385 3642 499 3705; x_wconf 89' lang='lat' dir='ltr'>propter</span> <span class='ocrx_word' id='word_1_358' title='bbox 521 3630 730 3688; x_wconf 87' lang='lat' dir='ltr'>conscientiam</span> <span class='ocrx_word' id='word_1_359' title='bbox 751 3629 904 3700; x_wconf 88' lang='lat' dir='ltr'>scelerum,</span> <span class='ocrx_word' id='word_1_360' title='bbox 925 3629 1088 3705; x_wconf 87' lang='lat' dir='ltr'>desperatio</span> <span class='ocrx_word' id='word_1_361' title='bbox 1110 3628 1196 3686; x_wconf 75' lang='lat' dir='ltr'>vitel</span> 
     </span>
     <span class='ocr_line' id='line_1_43' title="bbox 203 3703 1196 3785; baseline -0.001 -19"><span class='ocrx_word' id='word_1_362' title='bbox 203 3703 271 3766; x_wconf 79' lang='lat' dir='ltr'>eum</span> <span class='ocrx_word' id='word_1_363' title='bbox 292 3727 329 3766; x_wconf 88' lang='lat' dir='ltr'>ex</span> <span class='ocrx_word' id='word_1_364' title='bbox 349 3708 399 3766; x_wconf 78' lang='lat' dir='ltr'>ills</span> <span class='ocrx_word' id='word_1_365' title='bbox 419 3708 499 3785; x_wconf 72' lang='lat' dir='ltr'>fugai,</span> <span class='ocrx_word' id='word_1_366' title='bbox 520 3708 664 3767; x_wconf 89' lang='lat' dir='ltr'>beneficio</span> <span class='ocrx_word' id='word_1_367' title='bbox 683 3727 793 3779; x_wconf 92' lang='lat' dir='ltr'>eorum,</span> <span class='ocrx_word' id='word_1_368' title='bbox 814 3708 863 3783; x_wconf 94' lang='lat' dir='ltr'>qui</span> <span class='ocrx_word' id='word_1_369' title='bbox 890 3718 930 3779; x_wconf 89' lang='lat' dir='ltr'>te,</span> <span class='ocrx_word' id='word_1_370' title='bbox 943 3709 968 3765; x_wconf 89' lang='lat' dir='ltr'>si</span> <span class='ocrx_word' id='word_1_371' title='bbox 992 3727 1081 3766; x_wconf 88' lang='lat' dir='ltr'>sanus</span> <span class='ocrx_word' id='word_1_372' title='bbox 1107 3725 1196 3779; x_wconf 83' lang='lat' dir='ltr'>esses,</span> 
     </span>
     <span class='ocr_line' id='line_1_44' title="bbox 202 3785 989 3864; baseline 0.001 -20"><span class='ocrx_word' id='word_1_373' title='bbox 202 3786 314 3844; x_wconf 83' lang='lat' dir='ltr'>salvum</span> <span class='ocrx_word' id='word_1_374' title='bbox 326 3805 391 3846; x_wconf 87' lang='lat' dir='ltr'>esse</span> <span class='ocrx_word' id='word_1_375' title='bbox 405 3787 566 3860; x_wconf 81' lang='lat' dir='ltr'>voluerunt,</span> <span class='ocrx_word' id='word_1_376' title='bbox 581 3785 657 3846; x_wconf 73' lang='lat' dir='ltr'>clim</span> <span class='ocrx_word' id='word_1_377' title='bbox 671 3797 700 3845; x_wconf 89' lang='lat' dir='ltr'>te</span> <span class='ocrx_word' id='word_1_378' title='bbox 714 3787 831 3846; x_wconf 90' lang='lat' dir='ltr'>domum</span> <span class='ocrx_word' id='word_1_379' title='bbox 845 3787 989 3864; x_wconf 90' lang='lat' dir='ltr'>recepisti.</span> 
     </span>
    </p>
   </div>
   <div class='ocr_carea' id='block_1_7' title="bbox 0 0 1334 4468">
    <p class='ocr_par' dir='ltr' id='par_1_13' title="bbox 0 0 1334 4468">
     <span class='ocr_line' id='line_1_45' title="bbox 0 0 1334 4468; baseline 0 0"><span class='ocrx_word' id='word_1_380' title='bbox 0 0 1334 4468; x_wconf 95' lang='lat' dir='ltr'> </span> 
     </span>
    </p>
   </div>
  </div>
 </body>
</html>
