2702 4464
376 374 513 425 ORATIO
534 374 605 425 PRO
626 373 767 425 ARCHIA
788 373 915 424 POETA.
1150 377 1192 437 Μ

151 519 317 591 ridiculum,
332 520 368 576 ad
389 538 426 578 ea
447 539 510 594 quaa
532 519 681 590 habemns,
695 518 768 576 nibil
788 517 902 587 dicere3
924 535 1062 591 quaerere,
1076 535 1140 590 quaa

153 599 259 656 habere
279 618 336 656 non
355 618 522 675 possumus,
543 608 572 655 et
585 598 622 654 de
635 597 783 655 hominum
805 595 942 654 memoria
955 606 1064 666 tacere,
1077 595 1140 652 lite-

152 676 437 735 rarnm'memoriam
457 677 603 754 flagitare;
625 686 664 748 et,
681 674 750 733 clun
770 677 878 733 habeas
898 674 1066 750 amplissimi
1086 673 1139 731 viri

153 756 331 831 religionem,
346 756 524 832 integerrimi
544 755 694 831 municipii
711 754 911 830 jusjurandum
925 753 1078 827 fidemque,
1093 771 1138 823 ea,

152 853 215 908 quae
234 835 381 910 depravari
401 834 481 892 nullo
500 835 585 892 modo
603 844 731 909 possunt,
744 832 911 909 repudiare;
932 832 1055 903 tabulas,
1068 850 1140 907 quas
1173 827 1191 882 5

152 913 229 970 idem
243 912 318 970 diois
331 914 422 971 solere
437 912 590 988 corrumpi,
605 913 777 969 desiderare.

191 994 233 1048 Aa
246 992 424 1050 domicilium
438 992 468 1049 in
488 991 576 1048 Italia
588 1011 647 1049 non
661 989 777 1060 habuit3
798 991 833 1061 is,
848 989 907 1063 qui,
920 998 962 1047 tot
975 988 1058 1047 annis
1073 1000 1138 1048 ante

151 1070 298 1128 civitatem
318 1072 425 1141 datam,
440 1070 539 1128 sedem
557 1069 687 1128 omnium
706 1088 802 1127 rerum
824 1088 859 1126 ac
880 1068 1056 1126 fortunarum
1076 1087 1140 1125 sua·

151 1168 216 1206 rum
239 1149 343 1206 Romae
365 1148 522 1208 collocavit.
563 1149 605 1206 At
623 1168 682 1205 non
702 1157 746 1205 est
765 1147 916 1224 professus.
958 1146 1052 1204 Immo
1071 1144 1138 1203 verb

153 1227 189 1284 iis
210 1227 316 1285 tabulis
333 1228 565 1304 professusque
586 1227 663 1297 solae,
678 1245 714 1284 ex
734 1227 784 1284 itit
802 1226 986 1302 professione,
1008 1224 1191 1301 collegio-10

151 1325 207 1381 que
220 1317 382 1382 pratorum,
396 1306 527 1365 obtinent
539 1305 720 1381 publicarum
734 1305 897 1363 tabularum
911 1305 1118 1361 auctoritatem.

191 1386 227 1442 V.
249 1383 417 1457 Nam,ci1m
428 1385 513 1461 Appii
523 1385 628 1441 tabulae
637 1382 832 1460 negligentius
846 1393 995 1440 asservatae
1009 1383 1141 1440 diceren-

151 1472 210 1534 tur,
228 1464 358 1535 Gabinii,
379 1464 518 1538 quamdiu
537 1463 691 1520 incolumis
718 1462 781 1532 suit,
802 1462 912 1531 levitas,
932 1472 995 1537 post
1021 1462 1139 1518 damna·

151 1543 260 1599 tionem
281 1542 442 1613 calamitas,
455 1561 571 1600 omnem
584 1540 748 1598 tabularum
764 1540 850 1598 fidem
863 1539 1054 1616 resignassen
1076 1538 1140 1596 Me·

151 1621 245 1692 tellus,
267 1622 352 1679 homo
371 1620 571 1678 sanctissimus
597 1618 879 1677 modestissimusoue
898 1618 1037 1690 omnium,
1057 1618 1139 1675 tantal
1157 1626 1207 1687 15Ἰ

151 1699 302 1775 diligentia
316 1700 380 1770 fuit,
396 1710 428 1756 nt
443 1699 479 1756 ad
493 1698 527 1755 L.
543 1698 700 1759 Lentulum
713 1707 861 1774 praetorem
875 1708 904 1755 et
919 1698 954 1754 ad
965 1697 1079 1772 jndices
1092 1716 1139 1754 ve·

151 1779 236 1849 nerit‚
251 1788 280 1835 et
293 1778 380 1836 nnius
393 1778 519 1836 nominis
531 1776 619 1834 litura
632 1795 663 1834 se
677 1786 851 1834 commotum
864 1795 928 1833 esse
941 1776 1052 1834 dixerit
1082 1775 1139 1833 His

151 1857 239 1934 igitur
252 1857 359 1914 tabulis
372 1857 482 1914 nullam
495 1857 611 1913 lituram
625 1853 655 1913 in
669 1874 774 1913 nomen
788 1855 825 1911 A.
840 1854 948 1912 Licinii
962 1854 1072 1912 videtis.

192 1935 269 1996 Quae
282 1933 351 1992 ciam
365 1936 406 1992 ita
419 1935 486 2006 sint,
500 1935 570 2010 quid
583 1944 636 2004 est,
647 1931 724 2008 qudd
737 1934 774 1990 de
787 1933 849 2009 ejus
863 1932 980 1991 civitate
991 1932 1138 2004 dubitetis,

153 2012 309 2086 praesertim
329 2011 398 2071 crim
418 2014 482 2070 aliis
502 2032 615 2088 quoqne
629 2011 659 2070 in
673 2012 838 2070 civitatibus
852 2012 938 2069 fuerit
958 2013 1137 2087 adscriptnsl
1154 2003 1191 2057 2⁰

155 2089 281 2160 Etenim,
296 2089 364 2148 cirm
383 2092 578 2149 mediocribus
590 2092 697 2162 multis,
711 2101 741 2148 et
755 2101 804 2148 aut
817 2091 897 2148 nulla
911 2101 961 2148 aut
973 2091 1075 2148 humili
1089 2091 1140 2149 ali·

155 2168 213 2242 qud
228 2179 287 2226 arte
299 2170 435 2245 praeditis,
449 2168 574 2246 gratuitd
595 2169 741 2228 civitatem
762 2170 792 2227 in
812 2169 927 2228 Grneial
945 2169 1075 2227 homines
1088 2169 1140 2226 im-

153 2247 360 2323 pertiebantur,
374 2248 525 2324 Rheginos
538 2249 635 2320 credo,
650 2258 700 2306 aut
718 2249 889 2320 Locrenses,
905 2259 954 2306 aut
973 2248 1140 2324 Neapolita-

153 2344 216 2395 nos,
232 2335 282 2382 aut
295 2325 479 2398 Tarentinos,
490 2328 564 2402 qnod
578 2327 703 2385 scenicis
717 2328 875 2385 artificibus
888 2326 987 2402 largiri
1000 2327 1139 2397 solebant,

154 2403 185 2460 id
212 2404 292 2475 buia,
317 2405 430 2462 summa
456 2405 564 2481 ingenii
589 2406 709 2483 praedito
735 2406 836 2483 glorid,
860 2405 994 2464 noluisse.
1034 2401 1192 2466 Quintus

154 2480 223 2539 clim
232 2483 352 2556 ¹canteri,
367 2504 424 2542 non
437 2483 521 2541 modd
535 2495 597 2560 post
610 2484 757 2542 civitatem
778 2486 885 2554 datam,
899 2484 950 2540 sed
970 2483 1057 2541 etiam
1077 2492 1140 2558 post

153 2559 250 2637 legem
270 2561 398 2638 Papiam,
414 2563 606 2637 aliquomodo
625 2563 655 2620 in
676 2582 775 2621 eornm
792 2561 1014 2638 municipiorum
1027 2561 1140 2619 tabulas

154 2640 319 2715 irrepserint
326 2660 335 2710 ;
357 2641 414 2712 hio,
423 2642 473 2717 qui
485 2661 523 2699 ne
536 2642 625 2700 utitur
636 2642 752 2716 quidem
766 2641 823 2699 illis
836 2642 866 2698 in
881 2640 984 2716 quibus
997 2650 1040 2698 est
1053 2640 1141 2717 scrip·

152 2728 209 2788 tus,
225 2716 302 2793 qudd
316 2738 427 2796 semper
441 2740 472 2778 se
486 2720 713 2778 Heracleensem
726 2740 790 2778 esse
805 2719 901 2791 voluit,
915 2719 1080 2795 rejicieturl

193 2797 306 2854 Census
326 2809 436 2856 nostros
449 2799 571 2874 requiris
584 2798 713 2856 scilicet:
734 2810 778 2857 est
791 2799 868 2857 enim
882 2799 1046 2870 obscurum,
1059 2818 1140 2875 prox·
1155 2791 1192 2851 3⁰

152 2875 218 2933 imis
232 2877 409 2948 censoribus,
420 2878 500 2935 hunc
514 2896 581 2934 oum
595 2877 754 2935 clarissimo
767 2878 946 2954 imperatore,
961 2877 994 2934 L.
1006 2877 1139 2950 Lucullo,

153 2955 229 3029 apud
248 2955 408 3012 exercitum
429 2956 533 3024 fuisse;
563 2956 766 3031 superioribus,
789 2975 856 3013 cnm
878 2956 979 3014 eodem
1001 2966 1140 3031 quaestore

153 3032 241 3089 fuisse
255 3032 285 3091 in
300 3034 389 3103 Asia;
410 3034 520 3109 primis,
535 3033 614 3092 Julio
627 3044 656 3092 et
669 3034 785 3105 Crasso,
800 3035 907 3092 nullam
920 3035 1017 3111 populi
1029 3045 1140 3109 partem

152 3129 216 3167 esse
239 3130 365 3170 censam.
407 3112 476 3183 Sed,
498 3112 634 3188 quoniam
655 3132 760 3169 census
782 3133 840 3171 non
858 3112 906 3187 jus
927 3112 1051 3170 civitatis
1074 3132 1141 3172 oon·

152 3188 257 3260 firmat,
276 3208 312 3246 ae
332 3192 530 3249 tantummodo
549 3190 669 3261 indicat,
690 3209 766 3262 eum,
787 3190 837 3265 qui
857 3191 894 3248 sit
913 3209 1028 3261 census,
1049 3190 1090 3248 ita
1109 3211 1140 3249 se
1156 3195 1192 3249 35

150 3266 210 3342 jam
231 3276 293 3324 tum
314 3269 437 3344 gessisse
456 3288 507 3344 pro
528 3269 607 3338 oive3
630 3269 666 3326 iis
682 3269 867 3345 temporibus,
884 3267 973 3346 [quae]
992 3278 1024 3324 tu
1045 3270 1141 3326 crimi-
1221 3274 1234 3283 ‘

151 3345 241 3416 naris,
255 3365 292 3404 ne
307 3347 396 3422 ipsius
412 3348 529 3423 quidem
544 3346 655 3422 judicio
674 3366 741 3404 eum
762 3347 792 3404 in
813 3347 919 3404 civium
939 3345 1141 3404 Romanorum

150 3423 216 3499 jure
238 3443 302 3482 esse
322 3430 520 3496 versatnm‚'et
540 3435 744 3483 testamentum
764 3444 839 3500 saepe
859 3425 929 3482 fecit
948 3423 1052 3481 nostris
1072 3425 1141 3502 legi·

152 3503 217 3573 bus,
231 3512 261 3560 et
275 3503 346 3560 adiit
359 3504 540 3562 hereditates
554 3504 661 3561 civium
681 3503 890 3573 Romanorum,
904 3512 934 3560 et
947 3502 977 3559 in
991 3502 1141 3562 beneficiis

152 3582 190 3638 ad
204 3581 337 3638 ararium
350 3582 462 3640 delatus
476 3592 519 3640 est
533 3602 550 3640 a
563 3581 597 3640 L.
611 3582 735 3640 Lucullo
747 3590 866 3657 praetore
880 3590 909 3638 et
922 3580 1048 3639 consule.
1156 3584 1193 3641 40

192 3658 246 3716 VI.
267 3660 377 3721 Quaere
391 3670 570 3738 argumenta,
585 3661 609 3717 si
632 3679 689 3735 qua
709 3669 808 3735 potes:
829 3678 976 3735 nunqnam
990 3660 1068 3718 enim
1081 3662 1140 3735 hic,

151 3757 247 3812 neque
262 3757 314 3796 suo
326 3758 421 3813 neque
435 3740 591 3797 amicorum
604 3738 724 3815 jndicio,
738 3738 910 3799 revincetur.

191 3815 316 3878 Queres
331 3818 453 3889 anobis,
467 3817 560 3888 Grati,
575 3837 628 3875 cur
646 3827 794 3893 tantopere
814 3818 869 3874 hoc
889 3818 1004 3876 homine
1018 3819 1142 3878 delecto-

150 3913 227 3967 mur.
266 3895 350 3956 Quia
370 3897 533 3974 suppeditat
553 3896 645 3969 nobis,
659 3895 711 3953 ubi
731 3904 761 3953 et
783 3895 897 3957 animus
917 3916 954 3956 ex
966 3899 1022 3957 boc
1036 3899 1142 3958 forensi
