2702 4464
158 338 200 397 58
424 331 560 383 ORATIO
581 331 651 381 Pao
672 331 770 381 LEGE
792 329 958 379 MANILIA.

209 476 247 534 ad
267 474 432 553 expilandos
454 476 546 534 socios
565 474 796 551 diripiendasque
815 471 987 550 provincias,
1009 490 1080 546 quos
1102 470 1197 529 roluc-

209 565 285 626 runt,
299 556 408 631 legatos
427 555 578 611 eduxerint
586 573 593 623 ;
616 573 653 610 an
667 554 737 629 ipse,
752 553 835 627 cujus
848 553 912 628 lege
930 552 1008 607 salus
1022 569 1057 607 ac
1071 550 1197 626 dignitas

208 634 311 709 populo
333 634 468 690 Romano
489 642 573 708 atque
592 631 725 689 omnibus
745 631 879 707 gentibus
899 630 1055 687 constituta
1075 639 1128 699 est,
1149 647 1197 685 ex·

209 731 274 787 pers
287 731 350 768 esse
364 712 450 769 debet
469 711 567 787 gloriae
587 710 649 786 ejus
669 709 847 785 imperatoris
868 719 952 783 atquc
965 708 1028 784 ejus
1041 706 1196 777 exercitiis,

178 790 259 863 5qui
278 790 399 848 consilio
420 790 509 865 ipsius
536 803 620 864 atque
646 788 775 864 periculo
794 797 839 844 est
858 786 1049 844 constitutusl
1090 786 1139 842 An
1159 785 1195 842 G·

211 867 369 939 Falcidius,
383 868 423 928 Q.
439 867 585 938 Metellus,
598 867 638 927 Q.
654 866 764 924 Coelius
784 865 970 935 Latiniensis,
985 864 1039 922 Cn.
1055 864 1197 920 Lentulus

213 945 296 1020 (quos
322 965 422 1004 ornnes
449 946 563 1003 honoris
590 944 679 1002 causi
706 941 937 1023 nominc),cl1m
967 943 1075 1000 tribuni
1104 942 1196 1018 plebis

211 1024 340 1095 luissent,
362 1043 438 1082 anuo
456 1024 583 1099 proximo
609 1023 697 1100 legati
723 1042 786 1080 esse
813 1031 982 1098 potuerunt;
1011 1022 1041 1078 in
1062 1021 1117 1078 hoc
1137 1039 1196 1078 uno

211 1102 336 1160 Gabinio
355 1112 421 1160 sunt
440 1112 499 1159 tam
526 1102 688 1178 diligentes,
709 1102 758 1177 qui
785 1102 815 1159 in
843 1103 898 1158 hoc
924 1101 1009 1171 bello,
1030 1100 1106 1175 quod
1129 1099 1194 1175 lege

161 1193 196 1243 10
210 1181 336 1237 Gabinia
349 1182 467 1257 geritur,
482 1182 513 1238 in
533 1181 588 1238 hoc
608 1180 777 1256 imperatore
797 1189 881 1254 atquc
894 1179 1032 1248 exercitu,
1047 1196 1132 1252 quem
1144 1196 1195 1252 per

213 1257 288 1337 [vos]
313 1260 373 1335 ipse
395 1259 551 1329 constituit,
566 1259 653 1315 etiam
674 1258 818 1334 praecipuo
836 1259 901 1334 jure
918 1277 981 1315 esse
998 1257 1137 1313 deberet?
1158 1255 1195 1312 de

210 1356 267 1411 quo
285 1338 417 1413 legando,
438 1357 520 1413 spero
540 1336 671 1394 consules
692 1338 729 1394 ad
749 1348 880 1394 senatum
900 1337 1046 1393 relaturos.
1085 1333 1149 1395 Qui
1170 1333 1196 1390 si

211 1415 392 1486 dubitabunt,
414 1425 463 1472 aut
489 1416 702 1490 gravabuntur3
731 1434 785 1490 ego
804 1434 851 1472 me
870 1415 1001 1490 profiteor
1021 1414 1194 1480 relaturum

211 1512 304 1568 neque
324 1512 371 1550 me
391 1494 526 1569 impediet
544 1493 722 1568 cujusquam,
735 1494 877 1563 Quirites,
893 1493 1043 1550 inimicum
1057 1492 1194 1559 edictum,

162 1578 197 1630 15
211 1569 373 1647 quominus,
397 1572 486 1629 fretus
509 1572 598 1641 vobis,
623 1583 748 1629 vestrum
771 1572 819 1648 jus
842 1571 1072 1644 beneficiumque
1099 1569 1196 1626 defen·

211 1650 295 1706 dam:
319 1669 422 1725 neque,
442 1661 544 1726 praeter
564 1650 808 1720 intercessionem,
829 1650 984 1724 quidquam
1006 1649 1137 1717 audiam;
1159 1647 1195 1704 de

210 1728 267 1803 qud
283 1726 329 1804 (ut
350 1729 483 1805 arbitror)
499 1728 545 1786 isti
566 1728 629 1803 ipsi,
643 1728 693 1803 qui
712 1728 868 1799 minantur,
882 1729 969 1785 etiam
992 1736 1076 1801 atque
1097 1726 1195 1796 etiam,

210 1807 280 1881 quid
292 1807 389 1876 liccat,
404 1807 633 1864 considerabunt.
674 1806 744 1864 Mea
757 1807 873 1882 quidem
887 1806 1039 1875 sententia,
1053 1804 1195 1875 Quirites,

212 1904 286 1941 unus
300 1886 336 1942 A.
351 1885 502 1956 Gabinius,
517 1885 584 1942 belli
605 1884 741 1942 maritimi
762 1903 913 1959 rerumque
926 1893 1072 1960 gestarum
1086 1892 1195 1953 auctor,

161 1969 197 2021 20
212 1982 308 2019 comes
328 1963 383 2021 Cn.
399 1964 533 2040 Pompeio
547 1964 735 2020 adscribitur:
757 1974 905 2039 propterea
918 1961 996 2036 qubd
1010 1963 1080 2018 alter
1094 1961 1145 2018 uni
1166 1961 1195 2017 id

212 2041 319 2098 bellum
339 2042 553 2117 suscipiendum
573 2042 674 2099 vestris
687 2042 831 2119 suffragiis
844 2041 962 2111 detulit3
984 2040 1055 2097 alter
1069 2039 1196 2097 delatum

211 2131 431 2196 susceptumque
445 2121 578 2178 confecit.

250 2197 321 2255 XX.
351 2199 508 2274 Reliquum
531 2208 584 2270 est,
605 2208 637 2255 ut
657 2199 694 2256 dc
713 2199 754 2261 Q.
776 2198 875 2256 Catuli
894 2197 1062 2256 auctoritate
1083 2205 1113 2253 et
1134 2215 1195 2253 sen·

210 2276 302 2333 tentiis
316 2277 471 2335 dicendum
485 2297 548 2335 esse
561 2278 699 2335 videatur.
739 2277 804 2339 Qui
818 2275 886 2334 cirm
899 2295 934 2333 ex
947 2276 1027 2333 vobis
1046 2283 1201 2349 quaereret,

161 2362 197 2414 25
211 2355 236 2412 si
256 2356 286 2412 in
309 2375 367 2413 uno
387 2355 442 2413 Cn.
461 2356 596 2432 Pompeio
615 2357 712 2413 omnia
731 2355 884 2432 poneretis,
900 2354 925 2411 si
946 2354 1015 2429 quid
1035 2373 1070 2411 eo
1088 2353 1194 2410 factum

211 2443 296 2505 esset,
311 2435 340 2492 in
362 2454 419 2510 quo
436 2454 515 2511 spem
538 2435 639 2492 essetis
662 2434 804 2504 habiturl3
826 2433 902 2508 cepit
918 2450 1054 2508 magnum
1069 2451 1127 2488 suae
1142 2431 1194 2487 vir·

210 2514 281 2569 tutis
301 2512 435 2583 fructum,
453 2533 488 2571 ac
508 2513 665 2590 dignitatis,
681 2511 749 2570 cirin
766 2531 875 2581 omnes,
888 2509 975 2587 prope
995 2509 1053 2567 und
1071 2529 1150 2579 voce,
1165 2509 1193 2566 in

211 2610 247 2647 eo
267 2591 328 2667 ipso
349 2611 397 2649 vos
418 2611 496 2667 spem
519 2592 665 2648 babituros
687 2611 751 2648 esse
774 2591 893 2648 dixistis.
936 2589 1052 2645 Etenim
1070 2587 1135 2644 talis
1153 2597 1193 2644 est

166 2709 170 2720 ,
212 2669 264 2736 vir,
279 2680 311 2725 ut
332 2669 412 2726 nulla
433 2688 478 2726 res
497 2679 578 2725 tanta
596 2671 633 2725 sit
655 2688 690 2726 ac
708 2679 767 2726 tam
786 2668 920 2736 difficilis,
935 2685 1019 2741 quam
1035 2667 1082 2723 ille
1096 2686 1153 2723 non
1167 2674 1192 2722 et

162 2755 198 2810 30
213 2747 332 2803 consilio
351 2766 461 2822 regere,
476 2757 505 2803 et
525 2747 689 2822 integritate
708 2747 793 2816 tueri,
808 2756 837 2803 et
850 2746 954 2802 virtute
968 2745 1120 2814 conficere,
1135 2763 1185 2819 pos

213 2824 256 2880 sit.
299 2825 357 2880 Sed
380 2825 409 2880 in
431 2825 486 2881 boc
507 2825 568 2899 ipso
585 2825 620 2881 ab
634 2844 668 2882 eo
681 2822 930 2882 vehementissime
946 2823 1093 2892 dissentio,
1108 2821 1184 2896 qudd

212 2921 268 2976 quo
288 2899 383 2958 minus
403 2912 483 2958 certa
506 2913 549 2959 est
570 2903 717 2960 hominurn
739 2922 774 2960 ac
795 2900 892 2959 minus
910 2902 1046 2958 diuturna
1059 2901 1126 2970 vita,
1141 2902 1192 2957 hoo

212 2980 305 3055 magis
323 2980 493 3055 respublica,
508 2981 576 3037 dum
589 3001 639 3057 per
657 2982 736 3038 Deos
754 2980 927 3038 immortales
945 2979 1023 3051 licet,
1039 2979 1094 3036 frui
1111 2979 1192 3035 debet

213 3058 317 3115 summi
331 3058 454 3115 hominis
468 3060 525 3115 vital
541 3069 624 3133 atque
638 3060 750 3117 virtute.

162 3149 198 3202 35
253 3138 294 3194 At
307 3137 384 3193 enim
398 3137 469 3193 nihil
484 3138 549 3194 novi
569 3138 619 3194 fiat
639 3148 739 3195 contra
752 3137 882 3213 exempla
896 3147 980 3210 atque
995 3136 1125 3193 instituta
1138 3154 1186 3192 ma

210 3217 312 3290 jorum.
353 3214 421 3272 Non
441 3216 507 3272 dico
528 3214 583 3273 boc
601 3217 673 3286 loco,
688 3217 809 3292 majores
822 3227 932 3273 nostros
945 3234 1066 3290 semper,
1081 3215 1111 3271 in
1124 3232 1196 3288 pace

213 3293 423 3363 consuetudini,
446 3294 476 3350 in
498 3293 573 3351 bello
595 3294 720 3363 utilitati,
742 3294 886 3369 paruisse;
908 3312 1030 3368 semper,
1053 3292 1088 3348 ad
1110 3309 1196 3349 novos

212 3392 298 3429 casus
324 3381 492 3447 temporum,
516 3391 652 3429 novorum
679 3372 862 3430 consiliorum
889 3372 1015 3429 rationes
1039 3388 1194 3427 accommo·

213 3451 315 3507 ddsse:
336 3470 393 3507 non
415 3451 521 3520 dicam,
536 3451 593 3507 duo
614 3451 690 3507 bella
710 3450 844 3519 maxima,
858 3449 1003 3506 Punicum
1017 3459 1046 3505 et
1063 3447 1197 3523 Hispani·

163 3538 198 3591 4ο
213 3548 291 3598 ense,
313 3529 350 3585 ab
370 3549 429 3586 uno
452 3528 620 3604 imperatore
641 3547 704 3585 essa
726 3528 873 3597 confecta3
901 3529 973 3584 duas
994 3528 1080 3583 urbes
1100 3537 1198 3601 poten·

212 3607 346 3674 tissimus,
357 3625 420 3681 quae
431 3607 500 3663 huic
514 3606 633 3681 imperio
645 3605 770 3663 maxime
785 3606 978 3676 minabantur,
989 3605 1197 3680 Carthaginem

214 3693 298 3758 atque
324 3683 524 3754 Numantiam,
548 3685 584 3740 ab
610 3685 711 3741 eodem
739 3685 875 3760 Scipione
898 3703 962 3742 esse
985 3683 1111 3739 deletas:
1139 3703 1205 3740 non·

213 3763 450 3832 commemorabo,
462 3781 552 3836 nuper
566 3761 606 3818 ita
616 3763 696 3819 vobis
709 3764 892 3838 patribusque
906 3762 1007 3818 vestris
1020 3780 1083 3819 esse
1094 3761 1196 3831 visum,

213 3849 246 3899 ut
266 3840 295 3898 in
317 3858 375 3898 uno
401 3839 435 3897 C.
458 3838 554 3899 Mario
574 3859 639 3917 spes
660 3840 771 3917 imperii
791 3851 955 3917 poneretur,
977 3849 1010 3898 ut
1031 3839 1108 3898 idem
1130 3858 1196 3897 curn
