2702 4464
401 329 537 380 ORATIO
559 328 632 379 PRO
650 327 748 378 Lucu
770 325 935 377 MANILIA.
1170 322 1211 382 43

176 493 212 532 ac
226 471 307 545 focis,
321 474 358 531 de
372 472 446 532 fanis
460 492 495 530 ac
508 471 630 548 templis,
641 473 678 530 de
691 469 778 528 totius
791 469 871 527 urbis
884 467 969 526 tectis
983 485 1019 525 ac
1032 465 1159 536 sedibus,

177 553 214 610 de
228 552 355 627 imperio,
369 553 406 610 de
419 552 561 621 libertate,
576 552 613 608 de
633 551 725 607 salute
745 549 847 618 ltaliae,
861 549 955 622 deque
969 544 1102 603 universi
1117 563 1161 601 re·

175 630 303 706 publicai,
317 630 464 688 decernite
484 630 646 706 diligenter,
660 638 692 685 nt
706 626 878 697 instituistis,
893 644 928 683 ac
941 623 1059 682 sortiter.
1100 622 1161 679 Ha-

176 708 250 765 betis
263 707 342 770 enim
355 727 422 765 eum
436 708 593 778 consulem,
607 708 657 782 qui
677 717 706 764 et
724 725 825 782 parere
844 704 945 761 vestris
965 701 1090 760 decretis
1102 719 1160 758 non

176 786 297 857 dubitet,
311 797 341 843 et
360 805 406 856 ea,
419 805 483 861 que
503 786 669 857 statueritis,
683 785 777 860 quoad
790 784 873 855 vivet,
889 782 1054 852 defendere,
1069 789 1098 837 et
1110 797 1161 856 per
1195 768 1214 822 ⁵

176 883 208 922 se
222 863 315 941 ipsum
327 874 473 942 praestare,
485 863 582 941 possit.
618 924 625 933 ,
942 872 943 876 ’

936 1006 953 1021 ,ι

694 1056 730 1069 ιι,
782 1050 789 1063 Ι
827 1040 831 1047 ”
998 1034 1004 1057 l

684 1150 691 1160 ι

534 1212 849 1348 'enarro‘

242 1483 407 1570 ,pao
460 1482 659 1559 nucu
711 1481 1074 1559 Manium.

544 1671 802 1689 m

219 1787 243 1845 l.
282 1785 467 1850 Quanquam
494 1785 565 1843 mihi
592 1804 703 1861 semper
731 1784 863 1861 frequens
884 1796 1054 1862 conspectus
1073 1795 1166 1843 vester

181 1864 270 1923 multd
281 1866 518 1941 jucundissimus,
532 1865 581 1922 hic
596 1874 691 1921 autem
711 1863 792 1921 locus
813 1866 849 1921 ad
871 1867 1013 1940 agendum
1029 1864 1167 1939 amplissi-

110 2004 114 2013 ,
180 1963 254 2015 mus,
276 1945 312 2000 ad
332 1944 488 2001 dicendum
511 1942 709 2000 ornatissimus
728 1953 772 1999 est
791 1943 878 2013 visus,
898 1943 1047 2011 Quiritem
1068 1953 1165 2000 tamen

112 2070 116 2079 ,
181 2023 237 2079 hoc
258 2022 336 2078 aditu
356 2022 459 2092 laudis,
473 2021 522 2096 qui
543 2039 653 2095 semper
673 2020 780 2095 optimo
801 2021 905 2096 cuique
918 2019 1043 2077 maxime
1063 2021 1165 2097 patuit,
1184 2033 1218 2087 10

181 2120 239 2159 non
259 2118 324 2157 mea
343 2119 389 2157 me
409 2100 549 2169 voluntas
571 2099 621 2156 sed
649 2117 720 2155 meae
741 2099 805 2156 vitae
835 2102 970 2169 rationes,
992 2101 1028 2156 ab
1048 2100 1166 2158 ineunte

182 2187 265 2234 aetate
279 2188 428 2252 susceptae,
441 2177 655 2253 prohibuerunt.
697 2176 775 2234 Nam
786 2177 854 2235 crim
869 2188 963 2248 antea,
976 2197 1028 2253 per
1042 2188 1165 2250 aetatem,

181 2255 310 2313 nondum
330 2256 414 2330 hujus
435 2255 633 2312 auctoritatem
653 2255 710 2312 loci
732 2256 872 2331 attingere
887 2257 1040 2326 auderem;
1062 2267 1167 2314 statue·

182 2352 310 2407 remque,
324 2333 396 2389 nihil
409 2335 478 2403 huc,
492 2333 547 2390 nisi
560 2333 719 2408 perlectum
739 2332 865 2410 ingenio,
880 2334 1056 2391 elaboratum
1071 2334 1167 2392 indus·

182 2411 249 2482 tria,
265 2411 358 2467 afferri
372 2421 516 2486 oportere3
537 2431 621 2470 omne
632 2430 729 2468 meum
740 2421 852 2487 tempus
866 2412 1025 2469 amicorum
1034 2412 1167 2488 tempori·
1185 2424 1219 2477 15

184 2490 238 2548 bus
258 2489 508 2546 transmittendum
536 2489 641 2565 putavi.
682 2489 729 2547 Ita
755 2509 849 2565 neque
876 2490 925 2548 hic
951 2490 1032 2547 locus
1058 2510 1167 2548 vacuus

183 2586 310 2642 unquam
321 2567 374 2624 fuit
388 2568 424 2624 ab
439 2567 474 2624 iis
487 2568 535 2642 qui
549 2578 672 2624 vestram
686 2587 804 2625 causam
818 2568 1021 2638 defenderent3
1043 2579 1072 2626 et
1086 2588 1167 2627 meus

183 2646 272 2716 labor,
287 2645 317 2702 in
336 2646 510 2720 privatorum
529 2646 666 2722 periculis
687 2646 766 2703 caste
788 2646 956 2724 integrique
975 2657 1113 2718 versatus,
1132 2646 1168 2706 ex

182 2734 275 2782 vestro
292 2724 402 2799 judicio
423 2726 548 2782 fructum
568 2736 613 2781 est
634 2725 839 2800 amplissimum
867 2738 1047 2784 consecutus.
1088 2727 1168 2784 Nam

182 2801 260 2873 cinn,
274 2813 386 2879 propter
407 2803 573 2861 dilationem
594 2803 783 2874 comitiorum,
798 2814 841 2863 ter
860 2816 962 2881 praetor
975 2805 1087 2881 primus
1101 2826 1168 2864 cen·
1184 2813 1220 2865 20

181 2881 263 2939 turiis
283 2880 397 2939 cunctis
416 2882 597 2938 renuntiatus
617 2900 691 2950 sum,
712 2881 797 2939 facile
819 2883 956 2955 intellexi,
975 2885 1118 2956 Quirites,
1140 2895 1169 2943 et

181 2960 250 3035 quid
270 2960 306 3017 de
326 2978 373 3016 me
391 2959 569 3035 judicaretis,
584 2969 614 3016 et
633 2960 701 3034 quid
721 2961 784 3017 aliis
796 2963 1026 3037 praescriberetis.
1067 2963 1167 3034 Nunc,

182 3036 251 3097 cirin
264 3048 293 3095 et
308 3038 485 3095 auctoritatis
499 3038 529 3095 in
543 3056 589 3094 me
602 3047 715 3095 tantum
732 3038 778 3110 sit,
793 3050 931 3115 qnantum
945 3061 994 3099 vos
1014 3043 1169 3099 honoribus

182 3117 354 3177 mandandis
374 3135 437 3174 esse
457 3115 595 3185 voluistis,
610 3126 639 3173 et
659 3116 696 3172 ad
717 3120 861 3193 agendum
882 3119 1026 3177 facultatis
1045 3129 1167 3190 tantum,

182 3204 321 3270 quantum
334 3193 443 3253 homini
456 3193 586 3271 vigilanti
600 3214 636 3251 ex
650 3195 755 3252 sorensi
775 3216 829 3253 usn
847 3196 934 3272 prope
949 3198 1115 3272 quotidiana
1128 3198 1169 3254 di·
1185 3199 1221 3255 25

183 3273 269 3330 cendi
283 3273 449 3331 exercitatio
468 3272 560 3349 potuit
574 3272 692 3342 afferre3
715 3273 804 3347 certd,
819 3285 858 3345 et,
872 3275 979 3350 siquid
993 3275 1169 3333 auctoritatis

183 3351 214 3408 in
227 3370 274 3408 me
287 3361 340 3423 est,
355 3351 390 3408 ed
412 3351 487 3426 apud
507 3371 557 3408 eos
573 3362 651 3421 utar,
665 3352 714 3425 qui
734 3372 799 3410 eam
819 3353 891 3410 mihi
911 3353 1070 3422 dederunt;
1091 3363 1129 3424 et,
1144 3354 1169 3410 si

183 3429 252 3504 quid
272 3429 359 3486 etiarn
380 3429 504 3487 dicendo
527 3430 663 3504 consequi
689 3450 815 3504 possum,
836 3431 872 3488 iis
890 3431 1040 3488 ostendam
1059 3432 1170 3507 potissi·

184 3505 274 3577 mirm,
288 3507 337 3582 qui
351 3507 378 3564 ei
391 3526 504 3583 quoque
517 3508 559 3565 rei
573 3508 698 3565 sructnm
713 3527 764 3566 suo
775 3509 886 3584 judicio
905 3509 1090 3567 tribuendum
1106 3531 1169 3569 esse

184 3595 366 3645 censuerunt.
408 3588 505 3660 Atque
519 3585 589 3642 illud
604 3585 633 3642 in
646 3585 746 3660 primis
765 3586 836 3643 mihi
856 3587 1012 3645 laetandum
1029 3587 1092 3664 jure
1106 3610 1169 3648 esse
1185 3590 1222 3647 30

183 3663 276 3735 vidc'o,
290 3663 377 3740 qudd,
393 3664 422 3721 in
439 3666 495 3721 hac
509 3663 623 3721 insoliti
637 3663 708 3719 mihi
722 3683 757 3721 ex
771 3667 826 3722 hoc
840 3665 904 3724 loco
917 3667 1028 3725 ratione
1042 3668 1167 3734 dicendi.

183 3761 273 3799 causa
292 3743 358 3800 talis
376 3743 474 3801 oblata
493 3751 546 3813 est,
567 3742 598 3800 in
617 3741 675 3816 qud
701 3743 792 3801 oratio
812 3745 912 3803 deesse
939 3746 1048 3804 nemini
1067 3758 1166 3823 potest.

183 3819 349 3882 Dicendum
375 3831 419 3880 est
445 3820 524 3880 enim
544 3822 580 3880 dc
607 3821 662 3879 Gn.
684 3820 813 3900 Pompeii
843 3823 983 3904 singulti
1006 3825 1170 3903 eximiaque
