2658 4468
157 333 215 394 120
403 329 540 381 ORATIO
561 330 632 380 PRO
652 329 685 380 T.
706 329 822 380 ANNIO
844 329 995 380 MILONE.

204 473 398 550 decempedis,
432 475 515 533 villas
546 475 702 533 multorum
735 475 887 550 hortosque
919 473 1110 551 peragrabat;
1151 477 1209 551 qui

204 552 223 610 J
227 553 342 611 aniculo
354 564 384 611 et
397 554 521 631 Alpibus
535 573 613 630 spem
634 550 845 631 possessionum
865 553 1040 611 terminabat
1060 573 1186 611 suarum
1198 575 1208 624 3

205 632 255 707 qui
285 631 353 689 crim
382 633 419 690 ab
445 634 541 708 equite
569 633 705 690 Romano
730 632 962 708 splendidissimo
989 643 1018 689 et
1039 633 1103 690 sorti
1126 633 1208 704 viro,

205 711 244 769 T.
272 711 406 782 Pacavio,
433 731 490 769 non
521 711 711 787 impetrasset,
738 721 770 768 ut
797 711 921 768 insulam
948 711 979 768 in
1006 711 1073 768 lacu
1101 711 1210 770 Prelio

171 793 190 846 5
206 791 351 860 venderet,
366 788 483 866 repente
497 790 633 847 lintribus
645 790 676 847 in
684 808 749 847 eam
764 789 887 847 insulam
901 789 1063 860 materiam,
1072 790 1205 860 calcem,

206 879 357 940 cementa,
386 880 471 945 atque
498 887 587 939 arma,
615 868 764 939 convexit3
793 869 967 944 dominoque
994 879 1073 925 trans
1102 869 1205 945 ripam

205 948 395 1024 inspectante,
409 967 467 1005 non
481 947 621 1004 dubitarit
636 947 792 1005 editicium
813 957 945 1005 extruere
967 947 997 1005 ln
1013 947 1125 1018 alien03
1149 948 1205 1022 qui

205 1027 275 1085 huic
301 1025 339 1084 T.
361 1025 510 1097 Furfanio,
531 1026 580 1083 cui
600 1027 676 1084 virol
718 1025 769 1083 Dii
791 1026 982 1084 immortales!
1013 1025 1098 1102 (quid
1118 1027 1204 1084 enim

205 1126 260 1183 ego
273 1106 309 1163 de
324 1105 494 1163 muliercula
515 1105 646 1176 Scantia,
661 1105 730 1180 quid
754 1106 790 1162 de
804 1105 995 1166 adolescente
1017 1105 1142 1180 Aponio,
1157 1106 1204 1163 di·

155 1184 190 1240 10
206 1186 291 1242 caml
313 1203 433 1259 quorum
447 1184 560 1260 utrique
574 1194 695 1242 mortem
716 1193 760 1241 est
781 1184 940 1254 minitatus,
955 1184 1011 1241 nisi
1035 1184 1090 1241 sibi
1104 1186 1203 1243 horto·

205 1282 269 1322 rum
282 1264 460 1339 possessione
474 1263 621 1342 cessisset)
636 1264 688 1320 sed
710 1281 798 1320 ausus
818 1271 863 1320 est
886 1262 1026 1319 Furfanio
1042 1263 1152 1334 dicere,
1173 1264 1202 1320 si
1304 1258 1305 1271 ¹

205 1342 260 1400 sibi
274 1341 438 1418 pecuniam,
461 1353 598 1416 quantam
621 1351 799 1419 poposcerat,
820 1360 879 1399 non
900 1341 1037 1414 dedisset,
1051 1352 1201 1400 mortuum

206 1440 237 1478 se
258 1421 288 1478 in
308 1420 425 1477 domum
453 1421 516 1497 ejus
535 1420 701 1491 illaturum3
733 1420 790 1496 qual
818 1420 927 1477 invidia
954 1421 1024 1478 huic
1050 1431 1125 1478 esset
1146 1422 1201 1479 tali
1304 1490 1305 1507 ,

205 1500 267 1558 viro
296 1498 549 1577 conflagrandum
578 1500 627 1576 qui
649 1499 775 1576 Appium
804 1499 931 1570 fratrem,
959 1499 1105 1557 hominem
1125 1500 1202 1558 mihi

155 1577 190 1631 15
206 1579 392 1655 conjunctum
413 1578 551 1635 fidissima
566 1578 669 1656 gratia,
692 1579 840 1636 absentem
860 1580 896 1636 de
916 1578 1095 1654 possessione
1115 1579 1202 1636 fundi

205 1658 328 1734 dejecit3
358 1657 407 1731 qui
434 1659 573 1734 parietem
602 1658 645 1715 sic
673 1677 724 1734 per
751 1657 923 1715 vestibulum
951 1657 1055 1715 sororis
1075 1657 1202 1715 instituit
1304 1690 1305 1711 1

207 1738 324 1807 ducere,
339 1736 382 1793 sic
397 1755 483 1813 agere
507 1736 705 1807 fundamenta,
729 1746 761 1793 ut
781 1754 906 1794 sororem
928 1754 986 1794 non
1007 1734 1093 1794 modo
1113 1736 1201 1794 vesti·

206 1815 275 1873 bulo
288 1816 421 1890 privaret,
435 1816 487 1872 sed
500 1816 578 1874 omni
594 1815 674 1874 aditu
687 1825 718 1872 et
729 1814 838 1873 limine.

245 1892 396 1951 XXVIII.
437 1894 615 1970 Quanquam
637 1896 700 1953 haec
727 1893 843 1968 quidem
861 1893 922 1970 jam
941 1893 1103 1952 tolerabilia
1122 1893 1201 1951 vide-

155 1973 191 2028 20
206 1973 327 2042 bantur3
348 1972 403 2029 etsi
417 1973 565 2048 equaliter
587 1972 617 2030 in
640 1973 860 2049 rempublicam,
885 1973 915 2030 in
938 1974 1072 2050 privatos,
1088 1973 1118 2030 in
1138 1973 1200 2031 lon·

205 2052 337 2128 ginquos,
365 2049 396 2108 in
422 2052 604 2129 propinquos,
628 2052 658 2110 in
680 2052 798 2124 alienos,
820 2053 849 2110 in
869 2071 946 2124 suos,
968 2053 1113 2122 irruebat3
1137 2051 1198 2122 sed,

206 2132 306 2189 nescio
319 2131 470 2206 quomodo,
482 2132 543 2206 jam
557 2150 610 2188 usu
625 2132 800 2189 obduruerat
821 2141 850 2189 et
862 2131 1054 2208 percalluerat
1074 2130 1199 2189 civitatis

206 2209 385 2268 incredibilis
397 2210 544 2287 patientia.
584 2210 662 2272 Quae
686 2209 753 2268 verb
779 2212 898 2268 aderant
909 2211 979 2286 jam,
1001 2219 1032 2268 et
1055 2209 1200 2286 impende

206 2289 286 2362 bant,
300 2308 424 2365 quonam
439 2291 524 2347 modo
545 2309 581 2347 ea
604 2300 654 2347 aut
673 2290 816 2367 depellere
835 2289 1009 2366 potuissetis,
1032 2299 1082 2347 aut
1102 2290 1197 2346 serrel

154 2372 192 2428 25
206 2368 363 2445 Imperium
392 2369 417 2426 si
446 2369 494 2427 ille
524 2379 628 2427 nactus
649 2379 725 2427 esset
739 2413 746 2427 .
761 2413 768 2426 .
784 2412 791 2425 .
807 2412 814 2426 .
828 2369 930 2427 omitto
956 2369 1059 2439 socios,
1087 2378 1216 2430 exteras.

206 2448 347 2520 nationes,
361 2468 455 2525 reges,
469 2450 645 2518 tetrarcham
666 2458 731 2506 vota
744 2449 822 2506 enim
844 2447 987 2519 laceretis,
1002 2459 1034 2505 ut
1054 2448 1085 2506 in
1098 2466 1147 2504 eos
1166 2465 1197 2504 se

205 2525 300 2603 potius
322 2528 458 2598 mitteret,
480 2525 566 2602 quarn
591 2527 622 2585 in
645 2537 754 2584 vestras
774 2527 977 2603 possessiones,
994 2537 1090 2585 vestra
1109 2535 1194 2597 tecta,

206 2618 315 2663 vestras
336 2606 492 2683 pecunias:
513 2607 653 2682 pecunias
674 2606 760 2664 dicol
783 2625 800 2664 a
819 2606 928 2677 liberis,
953 2625 970 2663 a
993 2605 1102 2676 liberis,
1126 2604 1196 2681 (mc-

207 2685 273 2741 dius
286 2685 386 2764 fidius)
401 2695 430 2742 et
444 2704 461 2742 a
475 2684 646 2761 conjugibus
667 2685 778 2756 vestris,
794 2704 941 2759 nunquam
966 2685 1014 2742 ille
1038 2685 1195 2742 effrenatas

156 2766 193 2822 ω
208 2783 275 2820 suas
288 2763 423 2821 libidines
445 2763 629 2821 cohibuisset.
671 2763 758 2840 Fingi
781 2765 844 2821 haec
864 2763 981 2840 putatis,
995 2783 1059 2838 quae
1078 2764 1193 2840 patentl

208 2843 281 2912 baec,
295 2860 358 2917 quaa
372 2852 516 2899 notasunt
527 2842 683 2899 omnibusl
705 2862 768 2916 quae
782 2845 939 2901 tenenturl
960 2861 1104 2900 servorum
1119 2861 1194 2898 exer·

208 2921 283 2978 citus
304 2920 384 2976 illurn
406 2921 436 2979 in
456 2920 535 2978 Urbe
559 2921 787 2997 conscripturum
814 2922 912 2993 fuisse,
932 2940 984 2998 per
1011 2941 1081 2996 quos
1108 2930 1193 2979 totam

208 3000 426 3076 rempublicam,
440 3020 543 3074 resque
556 3001 681 3077 privatas
693 3002 833 3072 omnium,
847 3003 1012 3079 possideret.

247 3078 457 3151 Quamobrem,
486 3079 520 3150 si,
545 3090 696 3137 cruentum
717 3081 846 3157 gladium
866 3091 977 3152 tenena,
999 3079 1139 3138 clamaret
1157 3077 1191 3135 T.

157 3172 194 3228 35
209 3158 342 3216 Annius:
363 3166 382 3191 “
393 3159 513 3230 Adeste,
528 3179 633 3233 quaeso,
649 3170 734 3234 atque
756 3160 864 3230 audite,
879 3160 973 3217 cives!
1015 3159 1047 3216 P.
1063 3159 1192 3217 Clodium

209 3238 358 3317 interfeci:
379 3238 442 3314 ejus
458 3237 576 3309 furores,
599 3258 669 3313 quos
689 3240 776 3296 nullis
795 3238 854 3314 jam
875 3240 998 3315 legibus,
1019 3239 1107 3296 nullis
1125 3236 1193 3313 jndi-

209 3317 273 3388 ciis,
288 3317 409 3375 frenare
422 3327 594 3394 poteramus,
609 3319 664 3375 hoc
679 3318 753 3376 ferro
766 3328 796 3375 et
809 3319 865 3375 hac
886 3318 985 3374 dextra
1007 3336 1024 3373 a
1037 3316 1193 3375 cervicibus

208 3397 310 3454 vestris
323 3396 433 3475 repuli;
454 3415 504 3472 per
521 3415 567 3453 me
588 3406 621 3452 ut
640 3415 740 3467 unum,
752 3396 809 3472 jus,
825 3397 953 3470 aequitas,
967 3396 1057 3491 leges,
1071 3395 1192 3464 libertas,

208 3477 308 3553 pudor,
318 3476 469 3553 pudicitia,
482 3474 639 3533 incivitate
653 3486 803 3533 manerent
814 3476 840 3546 ;''
864 3486 939 3532 esset
949 3494 1017 3532 vero
1028 3474 1193 3543 timendum,

159 3565 195 3620 4ο
210 3575 334 3630 quonam
357 3556 442 3613 modo
463 3555 492 3611 id
513 3554 600 3613 ferret
620 3555 743 3613 civitasl
773 3553 864 3612 Nunc
890 3554 968 3611 enim
992 3553 1056 3628 quis
1077 3563 1129 3623 est,
1149 3551 1193 3626 qui

208 3654 266 3692 non
281 3636 399 3709 probetl
421 3633 471 3708 qui
491 3654 548 3692 non
565 3633 689 3691 -laudetl
711 3633 841 3707 quinon,
856 3651 947 3689 unum
966 3642 1029 3709 post
1052 3631 1208 3705 hominum,

206 3713 377 3771 memoriam
392 3712 430 3769 T.
445 3713 577 3771 Annium
599 3711 756 3789 plurimbm
777 3711 943 3789 reipublicae
959 3711 1109 3788 profuisse,
1124 3727 1195 3765 max-

211 3791 269 3849 ima
287 3791 386 3848 latitia
406 3792 542 3867 populum
562 3791 740 3862 Romanum,
763 3802 900 3848 cunctam
921 3790 1048 3860 Italiam,
1070 3787 1194 3846 nationes

209 3888 319 3941 omnes,
335 3870 476 3940 affecisse,
497 3880 526 3926 et
547 3870 635 3940 dicat,
657 3880 686 3927 et
706 3869 832 3928 sentiatl
873 3869 1006 3944 Nequeo,
1031 3877 1128 3925 vetera
1150 3865 1194 3922 illa
