2658 4468
410 375 547 425 ORATIO
569 375 608 426 IN
630 375 669 425 M.
690 375 893 426 ANTONIUM.
1129 376 1185 436 187

147 519 218 578 sacti
239 529 268 577 et
286 519 488 594 probatoreml
513 528 562 576 aut
580 518 650 595 quid
669 519 765 588 refert,
786 517 883 578 utrirm
902 518 1041 595 voluerim
1060 518 1134 592 fieri,

147 617 185 655 an
212 599 355 675 gaudeam
376 599 506 655 factuml
541 598 650 672 Ecquis
670 608 713 657 est
733 599 830 675 igitur,
851 610 880 656 te
900 609 1028 674 excepto,
1049 607 1079 656 et
1098 599 1135 656 iis

146 677 197 751 qui
217 678 299 735 illum
319 695 440 753 regnare
461 677 636 752 gaudebant,
650 678 699 751 qui
713 677 784 735 illud
799 688 847 735 aut
861 678 923 736 fieri
937 677 1069 748 noluerit,
1085 687 1134 734 aut

146 756 256 813 factum
271 755 456 831 improbrlritl
477 774 576 812 omnes
589 775 658 832 ergo
672 756 702 813 in
716 756 818 832 culpi:
839 758 946 815 etenim
956 775 1056 814 omnes
1068 756 1134 814 boni

147 833 302 909 (quantum
328 833 359 891 in
379 833 448 910 ipsis
469 833 536 912 fnit)
558 833 704 892 Caesarem
723 836 900 893 occiderunt.
943 835 1018 892 Aliis
1041 835 1134 892 consi·
1166 834 1187 888 b

145 912 228 984 lium,
244 912 308 970 aliis
322 911 444 984 animus,
460 913 524 970 aliis
536 913 662 983 occasio,
677 913 785 983 defuit;
806 914 936 971 voluntas
949 914 1067 972 nemini.

187 992 248 1048 Sed
261 1001 405 1067 stuporem
419 991 553 1062 hominis,
567 992 611 1048 vel
632 992 728 1049 dicam
748 992 878 1068 pecudis,
894 993 1039 1049 attendite.
1082 992 1134 1051 Sic

146 1069 225 1127 enirn
240 1070 328 1127 dixit:
350 1076 369 1102 “
381 1069 423 1127 M.
438 1070 554 1140 Brutus,
570 1069 670 1146 (quem
690 1089 745 1147 ego
765 1071 880 1147 honpris
900 1071 988 1128 causti
1002 1072 1131 1150 nomino)

146 1159 299 1206 cruentum
319 1148 473 1224 pugionem
493 1159 605 1219 tenens,
622 1148 795 1206 Ciceronem
813 1149 1002 1206 exclamavit:
1023 1168 1059 1206 ex
1078 1169 1135 1224 quo

146 1227 270 1303 intelligi
288 1228 383 1298 debet,
397 1246 464 1284 eum
484 1227 634 1286 conscium
655 1227 770 1285 luisse.''
806 1227 884 1304 Ergo
904 1247 958 1303 ego
977 1222 1186 1285 sceleratus10

147 1305 273 1382 appellor
294 1325 312 1364 a
330 1316 369 1377 te,
390 1324 476 1380 quem
496 1317 528 1362 tu
548 1306 725 1381 suspicatum
746 1307 854 1382 aliquid
874 1306 1045 1381 suspicaris:
1075 1306 1133 1378 ille,

146 1384 196 1459 qui
217 1384 370 1442 stillantem
390 1404 448 1461 prae
468 1404 499 1442 se
518 1385 672 1461 pugionem
692 1385 769 1457 tulit,
781 1385 806 1442 is
827 1405 844 1443 a
863 1395 892 1442 te
912 1385 1026 1443 lionoris
1044 1384 1133 1442 causis

146 1463 332 1520 nominaturl
365 1462 454 1521 Esto:
475 1463 512 1520 sit
532 1464 562 1520 in
583 1463 677 1521 verbis
696 1464 753 1521 tuis
773 1464 822 1521 hic
842 1474 955 1539 stupor:
976 1473 1083 1539 quanto
1103 1464 1133 1521 in

146 1541 234 1598 rebus
253 1542 459 1616 sententiisque
479 1542 587 1617 majori
618 1542 770 1600 Constitue
790 1543 855 1614 hoc,
876 1543 986 1613 consul,
1007 1543 1134 1618 aliquan·

146 1620 200 1689 do;
232 1620 395 1692 Brutorum,
422 1620 457 1678 C.
479 1621 585 1692 Cassii,
606 1621 661 1678 Cn.
682 1620 813 1692 Domitii,
834 1621 869 1678 C.
890 1621 1042 1693 Trebonii,
1069 1622 1134 1679 reli·
1152 1618 1186 1672 15

146 1717 277 1772 quorum,
292 1718 379 1775 quam
392 1700 462 1756 velis
476 1719 539 1757 esse
553 1718 689 1757 causam:
711 1700 820 1758 edormi
834 1701 991 1776 crapulam,
1005 1700 1133 1775 inquam,

146 1787 176 1833 et
202 1778 313 1835 exhalo„
355 1779 404 1836 An
431 1778 510 1836 faces
538 1778 721 1836 admovendas
748 1789 824 1850 sunt,
850 1798 913 1854 quae
941 1790 969 1836 te
996 1781 1132 1851 excitent,

146 1865 234 1912 tantae
255 1876 349 1914 causa
371 1857 613 1915 indormienteml
652 1857 849 1933 Nunquamne
873 1858 1025 1934 intelliges,
1046 1868 1134 1915 statu-

146 1933 254 1991 endum
274 1936 327 1992 tibi
347 1955 419 2006 esse,
434 1933 530 1993 utrum
551 1935 602 2006 illi,
617 1935 666 2011 qui
685 1935 770 1993 istam
790 1956 851 1994 rem
871 1946 1033 2013 gesserunt*
1045 1937 1134 1995 homi·

147 2012 221 2069 cidae
235 2014 301 2085 sint,
316 2033 353 2072 an
366 2015 496 2072 vindices
509 2014 670 2072 libertatisl
1149 2013 1186 2068 20

188 2090 277 2149 XIII.
311 2094 440 2150 Attende
468 2093 546 2150 enim
573 2093 726 2170 paulisper,
755 2094 1015 2171 cogitationemque
1045 2094 1137 2171 sobrii⁵

146 2169 271 2227 hominis
289 2182 429 2247 punctum
449 2172 584 2247 temporis
604 2173 725 2249 suscipe.
766 2173 840 2249 Ego,
855 2174 904 2247 qui
925 2192 988 2230 sum
1008 2174 1131 2243 illorum,

146 2257 180 2304 ut
200 2248 259 2324 ipse
280 2250 378 2321 lateor,
394 2250 552 2321 familiaris,
566 2261 598 2307 ut
619 2269 637 2307 a
655 2260 685 2308 te
706 2271 818 2328 arguor,
839 2252 944 2322 socius,
959 2271 1034 2327 nego
1053 2253 1134 2326 quid·

146 2345 234 2399 quam
258 2348 320 2385 esse
347 2329 492 2386 medium:
521 2329 657 2386 confiteor
684 2349 743 2400 eos,
763 2330 819 2386 nisi
846 2329 1012 2386 liberatores
1037 2329 1133 2405 populi

146 2405 274 2463 Romani
289 2418 557 2482 conservatoresque
571 2407 736 2483 reipublicae
750 2409 816 2477 sint,
829 2406 894 2482 plus
907 2405 993 2480 qudm
1004 2407 1132 2479 sicarios,
1149 2403 1185 2458 2⁵

144 2484 210 2559 plus
229 2504 315 2560 quarn
335 2486 503 2557 homicidas,
517 2486 582 2562 plus
601 2486 690 2543 etiam
708 2484 794 2559 quam
813 2485 980 2620 parricidas,
995 2504 1058 2543 esse
1068 2505 1076 2555 ;
1097 2487 1134 2544 si·

145 2563 262 2636 quidem
276 2574 320 2622 est
340 2565 464 2623 atrocius
483 2565 582 2641 patriae
602 2574 759 2640 parentem,
774 2583 812 2638 qu
832 2582 860 2619 m
881 2582 975 2635 suum,
989 2563 1130 2622 occidere.

145 2640 207 2711 Tu,
222 2641 306 2700 homo
326 2645 440 2720 sapiens
460 2654 489 2701 et
509 2644 699 2714 considerate,
714 2644 783 2718 quid
797 2643 892 2700 dicisl
926 2643 959 2700 Si
971 2643 1132 2719 parricide,

146 2738 200 2776 cur
214 2720 328 2779 honoris
348 2723 437 2780 causa
458 2741 476 2779 a
495 2732 523 2780 te
544 2733 619 2793 sunt,
634 2732 663 2779 et
683 2722 712 2780 in
734 2724 788 2780 hoc
801 2722 902 2780 ordine
915 2731 944 2780 et
958 2722 1032 2799 apud
1045 2742 1133 2800 popu·
1166 2782 1172 2791 ,

145 2797 206 2853 lum
221 2799 397 2872 Romanum,
411 2820 522 2876 semper
544 2801 696 2878 appellatil
730 2802 791 2859 Cur
812 2801 854 2858 M.
875 2801 992 2873 Brutus,
1012 2812 1042 2860 te
1061 2803 1134 2860 refe·
1148 2790 1185 2854 30

145 2886 237 2944 rente,
251 2878 364 2954 legibus
378 2890 428 2937 est
447 2881 565 2949 solutus,
580 2881 604 2938 si
625 2882 662 2937 ab
681 2880 760 2938 Urbe
777 2881 840 2957 plus
854 2879 940 2956 qudm
954 2882 1056 2939 decem
1070 2881 1133 2939 dies

146 2954 306 3014 abfuissetl
327 2977 379 3015 cur
392 2958 453 3016 ludi
473 2960 653 3034 Apollinares
673 2959 836 3018 incredibili
860 2959 901 3017 Μ.
922 2960 1005 3018 Bruti
1025 2961 1132 3019 honore

145 3033 307 3092 celebratil
335 3055 387 3094 cur
406 3037 560 3112 provinciae
580 3038 683 3096 Cassio
702 3049 731 3096 et
751 3040 841 3097 Bruto
860 3040 956 3097 datael
984 3058 1036 3096 cur
1055 3059 1133 3113 quae·

145 3122 236 3170 stores
257 3114 368 3172 additil
396 3135 447 3173 our
467 3117 626 3192 legatorum
652 3136 789 3175 numerus
813 3119 937 3175 auctusl
963 3131 1049 3193 atque
1069 3118 1132 3175 haec

146 3201 212 3248 acta
225 3202 326 3267 perte.
368 3193 437 3251 Non
451 3194 537 3270 igitur
551 3196 711 3254 homicidae.
754 3196 899 3270 Sequitur,
914 3204 945 3252 ut
965 3196 1132 3253 liberatores
1148 3194 1185 3248 35

144 3279 196 3327 tuo
206 3270 317 3345 judicio
330 3273 404 3342 sint;
425 3275 655 3348 quandoquidem
669 3275 785 3332 tertium
799 3274 871 3331 nihil
884 3283 977 3350 potest
990 3293 1062 3330 esse.

184 3348 267 3409 Quid
282 3353 348 3408 estl
368 3370 438 3409 num
452 3353 592 3410 conturbo
605 3354 656 3409 tel
676 3353 826 3410 nonenim
841 3353 960 3411 fortasse
973 3352 1053 3422 satis,
1068 3371 1131 3426 quar

145 3426 311 3486 distinctiirs
330 3430 476 3502 dicuntur,
492 3431 636 3507 intelligis.
678 3432 737 3488 Sed
756 3440 854 3488 tamen
874 3433 937 3489 haec
957 3440 1001 3487 est
1020 3449 1133 3489 summa

145 3506 340 3565 conclusionis
362 3528 452 3567 rneae:
479 3509 630 3571 Quoniam
649 3511 758 3567 scelere
779 3528 797 3566 a
815 3518 844 3566 te
864 3509 977 3567 liberati
997 3519 1072 3580 sunt,
1095 3511 1132 3567 ab

144 3585 247 3641 eodem
261 3595 290 3643 te
305 3588 486 3664 amplissimis
504 3588 630 3664 praemiis
650 3588 811 3664 dignissimi
828 3587 951 3664 judicati
965 3598 1039 3646 sunt.
1074 3588 1132 3647 Ita·
1148 3587 1184 3643 to

144 3682 201 3736 que
219 3663 280 3739 jam
300 3676 397 3724 retexo
409 3668 567 3726 orationem
580 3685 692 3724 meam:
713 3667 837 3725 scribam
852 3669 887 3725 ad
902 3668 974 3739 illos,
988 3677 1030 3739 ut,
1044 3668 1131 3744 siqui

145 3741 228 3813 forte,
250 3744 326 3817 quod
347 3755 413 3803 ate
433 3747 504 3804 mihi
523 3746 668 3821 objectum
689 3756 741 3817 est,
763 3757 899 3820 quaerent,
919 3748 993 3805 sitne
1012 3767 1111 3806 verum
1122 3769 1130 3819 3

143 3839 182 3877 ne
196 3821 246 3879 cui
259 3833 375 3898 negent.
416 3824 533 3883 Etenim
547 3845 655 3897 vereor,
670 3846 708 3884 ne
729 3836 787 3897 aut,
803 3826 927 3884 celatum
941 3845 988 3886 me
1003 3828 1038 3885 ab
1052 3828 1131 3904 ipsis,

144 3899 202 3958 illis
215 3920 273 3960 non
287 3901 456 4039 ¹¹⁰¹¹⁰⁵tl¹22¹¹l³
478 3914 528 3963 aut
548 3905 698 3964 invitatum
719 3905 868 3984 refugisse,
883 3907 954 3965 mihi
974 3907 1012 3966 sit
1026 3908 1132 3984 turpis·
