2658 4468
373 349 510 401 ORATIO
531 349 571 401 IN
594 349 633 400 M.
654 349 858 401 ANTONIUM·
1107 350 1162 410 131

116 495 277 570 lustrisque
292 495 449 553 confectus.
491 495 533 552 At
545 513 609 570 ego,
622 503 760 569 tanquam
780 492 853 550 mihi
866 510 934 549 cum
948 490 990 550 M.
1005 491 1113 551 Crasso

119 574 271 633 contentio
283 583 369 644 esset,
383 592 507 649 quocum
522 573 618 630 mtrltts
641 583 672 630 et
691 591 803 648 mugm
826 570 951 642 fuerunt,
965 590 1023 628 non
1044 590 1112 629 cum

119 672 180 710 uno
193 653 354 729 gladiatore
366 652 552 727 nequissimo,
567 652 603 708 de
626 651 776 726 republica
789 649 913 727 graviter
927 668 1060 724 querens,
1074 651 1111 708 de

120 731 240 790 homine
261 731 333 789 nihil
364 730 431 787 dixi.
482 729 585 803 Itaque
615 730 700 787 hodie
729 729 888 805 perficiam,
908 738 941 786 ut
960 729 1102 806 intelligat

120 821 264 886 quantum
279 828 296 867 a
309 828 356 866 me
370 808 544 866 beneficium
557 819 618 865 tum
633 808 785 884 acceperit.
1145 828 1164 881 5

163 888 217 947 1v.
240 889 282 945 At
295 887 384 946 etiam
406 887 515 957 literas,
538 906 609 962 quas
630 905 677 943 me
700 887 756 944 sibi
779 885 892 943 misisse
905 884 1024 957 diceret,
1038 885 1113 944 reci·

122 968 206 1038 tavit,
221 968 307 1024 homo
329 976 358 1024 et
371 965 558 1023 humanitatis
580 984 690 1041 expers,
712 974 742 1023 et
764 964 829 1021 ritae
852 964 1012 1022 communis
1032 964 1113 1042 igna-

121 1065 181 1104 rus.
222 1044 302 1107 Quis
315 1044 393 1102 enim
416 1061 553 1118 unquam,
577 1043 626 1118 qui
639 1041 758 1119 paulum
780 1041 865 1100 modo
888 1042 1026 1100 bonorum
1046 1063 1113 1101 con-

122 1124 308 1182 suetudinem
321 1121 428 1193 nosset,
442 1122 540 1180 literas
554 1121 590 1179 ad
613 1141 644 1180 se
659 1123 696 1178 ab
719 1121 813 1179 amico
831 1121 943 1191 missas,
956 1121 1113 1180 offensione

123 1202 222 1277 aliqua
244 1200 420 1276 interposita,
436 1201 466 1258 in
490 1201 617 1259 medium
639 1200 764 1276 protulit,
785 1199 938 1276 palamque
959 1200 1112 1258 recitavitl
1131 1209 1164 1264 10

122 1280 208 1357 Quid
222 1290 267 1338 est
281 1266 369 1350 diiud,
383 1280 483 1337 tollere
506 1299 523 1338 e
545 1277 603 1335 vita
627 1279 690 1336 vitae
704 1280 881 1348 societatem,
905 1275 993 1352 quim
1013 1279 1113 1339 tollere

124 1359 286 1417 amicorum
308 1357 449 1432 colloquia
472 1357 656 1416 absentiuml
696 1356 797 1420 Quam
818 1357 909 1414 multa
928 1357 995 1434 joca
1021 1357 1113 1416 solent

123 1457 188 1495 esse
210 1438 240 1494 in
270 1436 406 1512 epistolis,
434 1455 508 1511 quae,
536 1437 646 1513 prolata
675 1435 700 1493 si
727 1437 794 1507 sint,
820 1435 919 1515 inepta
944 1436 1111 1494 rideantur!

123 1513 213 1591 quam
226 1516 318 1572 multa
331 1516 416 1586 seria,
430 1535 525 1589 neque
538 1525 636 1573 tamen
650 1516 709 1574 ullo
721 1515 807 1573 modo
819 1513 994 1590 divulganda
1005 1516 1011 1573 l

165 1596 211 1651 Sit
225 1595 281 1652 hoc
295 1594 514 1653 inhumanitatis
527 1603 603 1651 tuae:
624 1593 773 1651 stultitiam
795 1593 993 1651 incredibilem
1008 1593 1111 1651 videte.
1131 1600 1165 1653 15

122 1673 209 1734 Quid
223 1673 322 1743 habes,
335 1674 410 1748 quod
424 1672 495 1730 mihi
518 1691 654 1748 opponas,
669 1674 754 1731 homo
776 1671 892 1742 diserte,
916 1683 949 1728 ut
968 1671 1112 1729 Mustellae

124 1751 259 1809 Tamisio
271 1761 301 1808 et
311 1751 415 1810 Tironi
428 1750 563 1809 Numisio
586 1750 713 1809 videris?
744 1750 793 1826 qui
812 1748 879 1808 crim
893 1752 948 1808 hoc
962 1751 1022 1827 ipso
1041 1761 1114 1808 tem·

125 1849 193 1905 pore
211 1839 288 1887 stent
301 1849 368 1888 cum
381 1830 485 1907 gladiis
509 1830 539 1888 in
563 1839 718 1907 conspectu
742 1829 869 1900 senatuis,
883 1849 938 1906 ego
951 1849 1064 1905 quoque
1083 1840 1113 1888 te

129 1908 265 1965 disertum
282 1909 399 1985 putabo,
421 1909 446 1966 si
467 1909 636 1979 ostenderis,
650 1909 791 1984 quomodo
814 1907 853 1966 sis
875 1928 925 1966 eos
945 1910 1019 1966 inter
1039 1909 1114 1966 sica-

127 1985 186 2044 rios
199 1987 375 2045 defensurus.
416 1988 476 2046 Sed
500 1987 569 2061 quid
591 2006 716 2063 opponas
738 1988 865 2059 tandem,
890 1987 915 2045 si
929 2006 1044 2064 negem,
1065 2007 1111 2045 me
1129 1990 1165 2044 2⁰

126 2084 253 2139 unquam
268 2065 336 2122 istas
349 2066 447 2123 literas
461 2066 496 2123 ad
510 2075 539 2123 te
553 2067 686 2124 misisset
707 2086 764 2141 quo
783 2085 829 2124 me
849 2077 922 2125 teste
937 2066 1113 2124 convincasl

125 2162 164 2201 au
178 2144 391 2220 chirographo?
414 2145 444 2203 in
458 2164 515 2219 quo
528 2145 617 2203 hahes
636 2145 787 2203 scientiam
810 2155 1009 2220 quaestuosum.
1049 2142 1113 2207 Qut

122 2221 237 2299 possisl
258 2233 324 2280 sunt
337 2223 416 2281 enim
428 2223 538 2282 librarii
552 2243 648 2282 manu.
689 2222 708 2280 J
711 2242 756 2281 am
777 2223 891 2281 invideo
904 2222 1041 2299 magistro
1054 2232 1113 2293 tuo,

123 2301 174 2376 qui
188 2311 227 2370 te,
242 2302 323 2359 tanta
346 2303 490 2374 mercede,
514 2312 652 2378 quantam
672 2301 733 2379 jam
755 2302 906 2378 proferam,
921 2301 992 2359 nihil
1014 2319 1114 2377 sapere

124 2379 235 2437 docuit.
1130 2393 1166 2448 25

164 2458 249 2520 Quid
276 2459 354 2517 enim
380 2470 425 2518 est
450 2457 557 2529 minius,
580 2479 638 2518 non
665 2458 732 2517 dico
753 2455 883 2528 oratoris,
907 2458 958 2515 sed
980 2455 1113 2528 hominis,

124 2535 214 2612 qudm
239 2537 268 2594 id
291 2538 416 2614 objicere
440 2538 611 2608 adversario,
625 2538 700 2612 quod
714 2537 762 2594 ille
776 2537 799 2594 si
818 2537 905 2594 verbo
917 2535 1040 2613 negdrit,
1054 2536 1115 2595 lou·

124 2614 192 2693 giris
205 2617 336 2692 progredi
350 2637 408 2675 non
420 2617 518 2694 possit,
533 2617 582 2693 qui
604 2615 764 2691 objeceritl
804 2616 847 2673 At
868 2635 922 2692 ego
943 2635 1000 2674 non
1020 2633 1114 2692 nego:

124 2706 212 2769 teque
227 2695 256 2752 in
271 2694 326 2753 isto
338 2696 399 2772 ipso
414 2696 563 2766 convinco,
577 2716 634 2753 non
649 2693 866 2753 inhumanitatis
880 2694 982 2767 soldm,
997 2694 1049 2752 sed
1062 2694 1115 2752 eti·

126 2793 174 2831 am
197 2774 338 2831 amentiae.
379 2774 469 2836 Quod
490 2775 568 2832 enim
590 2775 708 2832 verbum
730 2774 760 2832 in
783 2773 846 2832 istis
868 2773 959 2831 literis
982 2782 1035 2845 est,
1055 2794 1113 2832 non
1130 2780 1174 2841 30'
1244 2776 1246 2782 ’

124 2852 244 2928 plenum
271 2853 466 2924 humanitatis,
493 2853 591 2925 officii,
618 2853 845 2912 benevolentiae‘l
893 2853 990 2911 Omne
1018 2864 1114 2911 autem

126 2930 238 2988 crimen
251 2940 334 2987 tuum
347 2943 400 3002 est,
415 2932 493 3007 qudd
516 2933 553 2990 de
576 2942 605 2990 te
619 2932 649 2990 in
673 2931 717 2989 his
738 2932 829 2990 literis
852 2953 909 2992 non
927 2929 1003 2989 male
1019 2933 1115 2991 existi·

125 3027 221 3078 mem3
244 3006 322 3083 qudd
335 3012 459 3069 scribam
473 3020 610 3085 tanquam
632 3012 668 3068 ad
682 3011 785 3082 civem,
799 3022 936 3087 tanquam
951 3012 988 3068 ad
1008 3012 1114 3069 bonum

125 3087 229 3157 virum,
257 3108 315 3146 non
338 3099 475 3164 tanquam
500 3090 536 3147 ad
559 3090 732 3147 sceleratum
754 3100 784 3149 et
809 3091 957 3148 latronem.
998 3089 1041 3146 At
1060 3109 1116 3165 ego

126 3175 191 3222 tuas
209 3165 308 3223 literas
332 3166 400 3243 (etsi
418 3167 482 3243 jure
505 3177 675 3243 poteram‚a
697 3178 727 3226 te
749 3169 913 3245 lacessitus)
938 3166 1035 3225 tameri
1057 3187 1115 3225 non
1131 3179 1168 3232 35

126 3244 284 3320 proferam3
306 3246 410 3320 quibus
423 3246 507 3321 petis,
531 3256 564 3303 ut
584 3246 638 3303 tibi
658 3266 709 3321 per
732 3265 778 3303 me
799 3246 888 3303 liceat
910 3244 1055 3319 quendam
1079 3245 1116 3302 de

126 3322 227 3380 exsilio
240 3325 397 3395 reducere3
420 3325 600 3401 adjurasque,
614 3324 643 3382 id
667 3335 706 3394 te,
721 3324 810 3382 invito
831 3342 887 3392 me,
901 3342 958 3380 uon
980 3341 1044 3379 esse
1058 3322 1117 3379 sac·

126 3411 241 3459 turum:
263 3402 349 3477 idque
364 3422 381 3461 a
394 3423 441 3461 me
464 3405 607 3479 impetras.
648 3402 731 3465 Quid
745 3401 824 3459 enim
837 3420 884 3458 me
905 3401 1115 3474 interponerem

18 3530 19 3557 ,
127 3479 257 3537 audaciae
279 3491 346 3552 tuae,
369 3501 455 3558 quam
479 3502 572 3557 neque
597 3480 753 3540 auctoritas
776 3479 861 3554 hujus
880 3477 999 3548 ordinis,
1021 3496 1116 3551 neque

125 3557 298 3617 existimatio
320 3560 416 3636 populi
439 3560 576 3630 Romani,
600 3579 695 3635 neque
717 3560 798 3635 leges
822 3558 886 3615 ullae
908 3564 1023 3633 possent
1036 3560 1117 3615 coer·
1133 3566 1168 3621 4ο

125 3637 214 3694 cerel
256 3638 455 3697 Veruntamen
479 3639 549 3714 quid
572 3648 643 3709 erat,
658 3637 734 3713 quod
758 3656 804 3694 me
818 3655 944 3712 rogares,
959 3635 983 3693 si
998 3645 1060 3694 erat
1080 3635 1115 3707 is,

125 3715 163 3771 de
177 3734 233 3788 quo
246 3718 377 3793 rogabas,
392 3718 516 3776 Caesaris
529 3718 593 3793 lege
607 3716 765 3775 reductusl
807 3716 865 3773 Sed
877 3714 1011 3773 videlicet
1021 3734 1116 3773 meam

126 3793 250 3872 gratiam
264 3795 352 3853 voluit
375 3817 457 3868 esse;
479 3797 509 3856 in
533 3816 589 3871 quo
610 3817 648 3855 ne
672 3795 762 3872 ipsius
785 3794 902 3870 quidem
925 3795 985 3853 ulla
1004 3805 1117 3871 poterat

125 3891 201 3944 esse,
214 3872 280 3950 lege
298 3871 366 3932 latd.
