2702 4464
142 364 182 424 40
385 360 522 412 ORATIO
543 361 590 412 IV.
612 361 651 410 IN
674 361 704 410 L.
727 361 940 411 CATILINAM.

194 503 342 561 habendos
354 513 431 580 puto.
473 504 579 562 Caeteri
592 502 659 563 verb
676 501 741 579 (Dii
757 503 963 584 immortalesl)
979 504 1036 579 qud
1051 503 1182 580 frequen·

194 581 245 653 tia,
260 600 316 655 quo
334 583 438 653 studio,
452 583 509 657 qua
529 585 642 653 virtute,
658 583 694 640 ad
715 600 897 639 communem
918 583 1088 659 dignitatem
1108 585 1182 640 salu·

193 669 309 733 temque
330 659 531 718 consentiunt!
571 661 655 722 Quid
674 680 729 736 ego
749 659 798 718 hic
818 660 930 734 equites
943 661 1092 719 Romanos
1106 681 1183 719 com·

194 741 370 796 memoreml
391 739 440 813 qui
454 739 534 797 vobis
547 738 588 796 ita
601 757 742 795 summam
762 739 871 796 ordinis
891 739 1060 813 consiliique
1079 759 1183 797 conce·

159 817 276 887 5dunt,
298 827 329 874 ut
348 818 497 875 vobiscum
517 818 553 873 de
581 836 676 875 amore
703 817 868 892 reipublicae
889 827 1016 886 certent;
1045 836 1125 890 quos,
1146 837 1183 875 ex

193 895 348 953 multorum
368 910 508 953 annorum
527 895 704 952 dissensione
726 896 762 951 ad
782 894 867 970 hujus
886 895 994 952 ordinis
1014 896 1181 953 societatem

194 973 435 1048 concordiamque
465 982 621 1043 revocatos,
642 973 797 1030 hodiernus
824 972 886 1030 dies
913 974 1070 1044 uobiscum,
1096 984 1181 1048 atque

193 1052 257 1107 haec
277 1070 375 1122 causa,
390 1051 554 1128 conjungit3
576 1069 662 1125 quam
683 1050 914 1126 conjunctionem
935 1051 969 1122 si,
985 1051 1014 1107 in
1029 1052 1181 1108 consulatu

193 1129 391 1188 confirmatam
412 1149 486 1201 meo,
499 1139 666 1206 perpetuam
687 1128 717 1185 in
737 1128 885 1205 republicd
899 1129 1093 1199 tenuerimus;
1115 1150 1182 1187 con·

142 1206 177 1259 10
193 1207 276 1265 firmo
288 1208 378 1279 vobis,
393 1209 504 1264 nullum
523 1208 643 1283 posthac
662 1206 771 1263 malum
792 1207 877 1264 clvile
892 1226 926 1263 ac
940 1207 1129 1264 domesticum
1144 1209 1181 1265 ad

193 1285 282 1342 ullam
302 1285 467 1361 reipublicae
486 1298 596 1361 partem
610 1304 674 1342 esse
688 1293 847 1341 venturum.
889 1285 956 1342 Pari
976 1285 1071 1342 studio
1085 1285 1182 1342 defen·

193 1363 295 1420 dendae
315 1363 481 1441 reipublicae
502 1363 669 1421 convenisse
682 1363 765 1420 video
778 1362 907 1421 tribunos
927 1364 1051 1433 aerarios,
1066 1363 1182 1421 fortissi-

194 1459 255 1498 mos
269 1442 359 1513 viros3
381 1442 490 1499 scribas
504 1442 573 1499 item
587 1441 750 1510 universos3
772 1459 842 1514 quos
863 1439 931 1499 cbm
952 1460 1022 1499 casu
1043 1442 1105 1498 haec
1119 1441 1181 1498 dies

195 1520 231 1577 ad
251 1520 384 1577 erarium
404 1520 621 1595 frequentasset,
635 1519 727 1588 video,
748 1520 784 1575 ab
804 1519 1016 1595 exspectatione
1036 1519 1129 1591 sortis,
1144 1520 1181 1576 ad

143 1607 177 1661 15
195 1616 377 1656 communem
388 1599 508 1655 salutem
519 1617 582 1654 esse
593 1615 752 1655 conversos.
783 1595 889 1653 Omnis
899 1597 1089 1673 ingenuorum
1101 1599 1182 1655 adest

193 1676 356 1746 multitudo,
365 1677 451 1733 etiam
462 1676 702 1733 tenuissimorum.
736 1674 814 1736 Quis
828 1685 871 1731 est
884 1676 972 1746 enim,
988 1675 1036 1733 cui
1049 1695 1107 1733 non
1118 1677 1181 1734 brec

193 1754 309 1829 templa,
325 1756 476 1830 adspectus
496 1755 584 1825 urbis,
598 1752 738 1829 possessio
751 1752 901 1823 libertatis
915 1754 965 1810 lux
978 1754 1103 1827 denique
1117 1755 1180 1811 haec

193 1832 264 1906 ipsa,
279 1843 308 1890 et
322 1834 376 1890 hoc
391 1852 542 1890 commune
555 1832 654 1907 patriae
668 1831 769 1903 solum,
784 1829 853 1889 cum
866 1832 903 1888 sit
917 1850 1026 1904 carum,
1037 1842 1099 1888 tum
1112 1829 1179 1889 verb

193 1910 279 1967 dulce
294 1922 380 1986 atque
390 1911 572 1986 jucundum?

140 1996 177 2050 20
234 1988 319 2046 VIII.
353 1987 457 2064 Operm
469 1988 593 2065 pretium
613 1997 666 2059 est,
680 1987 781 2045 Patres
795 1987 968 2063 conscripti,
982 1987 1181 2045 libertinorum

194 2066 343 2123 hominum
362 2067 457 2124 studia
470 2086 661 2143 cognoscere;
684 2066 742 2140 qui,
757 2067 862 2124 virtute
882 2066 934 2122 sud
955 2066 1098 2123 fortunam
1112 2066 1181 2123 civi·

193 2144 260 2200 tatis
274 2145 432 2216 consecuti,
447 2146 523 2202 hanc
536 2144 605 2202 vere
619 2163 701 2201 suam
714 2144 836 2219 patriam
849 2163 913 2201 esse
923 2143 1056 2219 judicant
1064 2164 1072 2213 ;
1094 2162 1181 2217 quam

193 2222 320 2296 quidam,
335 2224 405 2281 hinc
417 2222 488 2294 nati,
497 2233 527 2280 et
536 2242 648 2279 summo
661 2221 722 2280 nati
735 2221 808 2293 loco,
819 2242 877 2280 non
890 2221 1011 2297 patriam
1026 2240 1118 2293 suam,
1130 2224 1181 2280 sed

193 2301 295 2357 urbem
309 2301 442 2372 hostium,
454 2320 517 2359 esse
528 2301 739 2377 judicaverunt.
769 2301 828 2357 Sed
837 2300 906 2375 quid
916 2319 970 2376 ego
979 2299 1099 2375 hujusce
1107 2301 1181 2358 ordi·
1223 2317 1225 2320 ’

140 2387 177 2440 25
193 2377 239 2435 nis
260 2379 390 2437 homines
410 2397 640 2450 commemorem,
655 2398 725 2453 quos
744 2378 861 2454 private
876 2378 1005 2449 fortunae,
1019 2397 1090 2451 quos
1104 2397 1181 2436 com-

192 2457 288 2513 munis
309 2457 480 2532 respublica,
496 2475 565 2531 quos
587 2457 712 2531 denique
733 2456 851 2513 libertas
870 2474 915 2526 ea,
930 2474 993 2529 quae
1013 2456 1181 2513 dulcissima

192 2545 246 2604 est,
266 2536 302 2591 ad
322 2537 444 2593 salutem
463 2536 561 2611 patriae
582 2535 794 2592 defendendam
813 2534 969 2591 excitavitl
1010 2534 1117 2591 Servus
1136 2543 1181 2591 est

193 2631 287 2682 nemo,
303 2613 351 2686 qui
371 2613 456 2671 modd
477 2614 618 2671 tolerabili
639 2612 803 2670 conditione
824 2612 861 2669 sit
880 2612 1034 2683 servitutis,
1053 2612 1102 2686 qui
1122 2630 1180 2670 non

194 2691 346 2746 audaciam
368 2691 475 2748 civium
494 2692 707 2767 perhorrescat3
738 2689 787 2763 qui
808 2710 865 2747 non
886 2691 949 2748 heec
969 2700 1045 2747 stare
1064 2691 1178 2765 cupiat3

140 2772 176 2827 30
193 2767 242 2841 qui
256 2788 313 2825 non
327 2778 448 2839 tantum,
464 2779 603 2841 quantum
617 2769 713 2838 audet,
727 2777 756 2824 et
776 2777 916 2842 quantum
934 2777 1036 2845 potest,
1051 2768 1180 2826 conferat

194 2846 230 2901 ad
245 2864 427 2903 communem
441 2846 572 2916 salutem,
586 2845 749 2903 voluntatis.
775 2880 784 2903 s

231 2923 344 2993 Quare,
356 2924 380 2981 si
394 2943 479 2998 quem
493 2923 618 2980 vestram
632 2922 703 2980 forte
719 2934 878 2982 commovet
889 2925 954 2994 hoc,
963 2923 1039 2998 quod
1050 2924 1180 2982 auditum

193 3011 246 3072 est,
260 3002 394 3059 lenonem
414 3002 558 3076 quendam
578 3000 695 3059 Lentuli
716 3020 889 3059 concursare
909 3001 1022 3059 circum
1035 3004 1179 3073 tabernas,

191 3079 283 3155 pretio
303 3098 416 3156 sperare
444 3079 592 3136 sollicitari
619 3099 702 3155 posse
723 3080 833 3137 animos
853 3080 1001 3155 egentium
1023 3089 1108 3154 atque
1129 3080 1180 3136 im·

140 3160 176 3215 35
192 3157 364 3233 peritorum3
386 3167 430 3215 est
443 3157 473 3214 id
487 3157 603 3232 quidem
618 3168 743 3233 coeptum
762 3166 847 3232 atque
863 3167 1021 3214 tentatum:
1043 3158 1094 3215 sed
1107 3158 1180 3215 nulli

193 3246 260 3294 sunt
274 3235 382 3294 inventi
396 3246 455 3292 tam
469 3245 519 3292 aut
533 3236 646 3293 fortuna
659 3235 766 3306 miseri,
782 3245 831 3292 aut
843 3235 989 3293 voluntate
1002 3235 1115 3310 perditi,
1131 3236 1180 3310 qni

192 3335 251 3372 non
272 3315 364 3390 ipsum
384 3314 465 3371 illum
486 3314 562 3371 sellae
585 3324 669 3387 atque
683 3313 775 3390 operis
788 3324 818 3372 et
831 3314 957 3387 quaestds
969 3313 1128 3386 quotidiani
1142 3314 1180 3370 lo·

194 3412 277 3462 cum3
299 3391 349 3468 qui
359 3413 417 3465 non
428 3392 524 3449 cubile
539 3411 573 3449 ac
586 3391 725 3448 lectulum
739 3410 838 3462 suum;
860 3391 908 3467 qui
918 3391 1042 3465 denique
1051 3410 1108 3448 non
1117 3410 1181 3448 cur·

194 3490 257 3527 sum
271 3473 350 3529 huno
362 3471 484 3530 otiosum
498 3470 562 3527 vitae
576 3489 645 3541 suae,
660 3471 769 3527 salvum
783 3490 846 3528 esse
859 3469 972 3527 vellent.
1008 3467 1102 3525 Multo
1112 3467 1179 3527 verb

141 3548 177 3602 40
193 3549 319 3606 maxima
327 3569 393 3624 pars
401 3567 511 3620 eorum,
522 3548 571 3624 qui
585 3547 615 3606 in
629 3548 756 3607 tabernis
769 3559 836 3605 sunt
844 3569 851 3619 ;
873 3548 964 3605 immo
971 3545 1039 3605 verb
1050 3546 1094 3624 (id
1103 3547 1181 3604 enim

192 3624 288 3702 potius
308 3637 351 3684 est
371 3627 540 3706 dicendum)
562 3646 655 3703 genus
684 3628 739 3685 hoc
767 3626 931 3684 universum
953 3625 1181 3682 amantissimum

194 3713 238 3760 est
250 3704 319 3761 otii:
340 3705 448 3762 etenim
461 3723 545 3762 omne
562 3724 660 3763 eorum
680 3704 911 3775 instrumentum,
925 3704 1019 3762 omnis
1038 3722 1125 3779 opera
1145 3719 1180 3758 ao

194 3791 328 3857 quastus,
343 3782 504 3858 frequentis
518 3781 625 3842 civium
645 3784 810 3857 sustiuetur,
825 3783 909 3842 alitur
922 3782 998 3842 otio:
1020 3798 1142 3857 quorum
1156 3777 1181 3836 si
