2702 4464
150 321 192 380 54
429 320 566 372 cassio
587 320 658 371 rito
679 321 778 372 LEGE
799 319 965 371 MANILIA.

241 467 260 524 J
263 486 308 526 arn
322 465 390 526 rerd
405 467 446 525 ita
459 464 560 524 faciles
574 464 669 522 aditus
690 464 727 521 ad
747 482 813 521 eum
832 463 1016 540 privatorum,
1031 462 1072 520 ita
1089 464 1187 521 libere

201 547 387 621 querimonia
408 545 445 603 de
469 544 589 601 aliorum
613 543 734 618 injuriis,
753 561 817 600 esse
840 542 992 610 dicuntur;
1022 550 1055 599 ut
1082 542 1116 613 is,
1138 541 1188 617 qui

202 624 343 701 dignitate
353 622 530 700 principibus
543 621 667 691 excellit,
682 621 820 678 facilitate
840 638 891 695 par
906 619 1011 676 infimis
1028 639 1092 677 esse
1111 622 1188 678 vide-

203 712 275 761 atur.
316 697 547 777 Jam,quanti1m
571 699 700 769 consilio,
714 696 854 773 quantum
876 697 992 754 dicendi
1006 699 1145 774 gravitate
1159 708 1189 756 et

169 783 188 837 5
203 781 285 857 copid
299 782 403 852 valeat,
418 779 462 856 (in
476 797 532 853 quo
545 777 606 852 ipso
619 778 694 834 inest
706 777 837 851 quedam
851 776 977 870 dignitas
990 776 1185 874 imperatoria)

202 877 261 930 ros,
274 859 416 929 Quirites,
431 859 486 915 hoc
500 857 560 932 ipso
573 855 680 912 inloco
703 873 777 930 saepe
800 853 954 930 cognostis.
995 853 1099 912 Fidem
1111 875 1186 931 ,vero

202 937 265 1012 ejus
289 938 362 995 iuter
389 936 481 994 socios
504 943 640 1009 quantam
663 932 820 989 existimari
843 932 959 1007 putatis,
983 951 1069 1007 quam
1093 933 1187 991 hostes

201 1015 331 1072 omnium
344 1015 473 1092 gentium
487 1011 698 1070 sanctissimam
709 1010 888 1086 judicarintt
926 1010 1116 1068 Hunmrritate
1126 1012 1187 1087 jam

202 1093 283 1151 tanta
297 1102 350 1164 est,
365 1102 398 1150 ut
420 1090 537 1150 difficile
561 1090 642 1147 dictu
663 1090 709 1160 sit,
724 1085 821 1147 utrum
835 1089 930 1146 hostes
947 1089 1040 1165 magis
1053 1089 1187 1146 virtutem

154 1170 189 1224 10
203 1172 265 1247 ejus
278 1180 439 1248 pugnantes
451 1169 609 1239 timuerint,
624 1186 661 1225 an
675 1166 927 1225 mansuetudinem
941 1167 1010 1223 victi
1024 1167 1185 1225 dilexerint.

203 1250 243 1306 Et
264 1250 414 1325 quisquam
438 1246 590 1317 dubitabit,
603 1246 673 1322 quin
694 1246 764 1304 huic
784 1254 896 1302 tantum
920 1245 1027 1303 bellum
1045 1247 1188 1302 transmit·

203 1328 323 1385 tendum
337 1328 383 1398 sit,
397 1326 456 1402 qui,
471 1326 508 1382 ad
521 1325 618 1382 omnia
630 1333 734 1382 nostre
747 1324 892 1381 memorie
906 1323 983 1380 bella
996 1323 1186 1392 conficienda,

203 1406 301 1463 divino
310 1406 433 1481 quodam
447 1403 567 1461 consilio
580 1412 664 1460 natus
677 1421 741 1460 esse
755 1401 904 1459 videaturl

243 1483 311 1541 XV.
352 1484 401 1554 Et,
422 1482 557 1558 quoniam
580 1480 735 1538 auctoritas
758 1478 881 1537 multum
907 1479 937 1536 in
964 1479 1047 1537 bellis
1075 1499 1187 1555 quoque

154 1560 190 1614 15
205 1561 438 1621 administrandis
460 1570 544 1636 atque
565 1558 685 1635 imperio
705 1558 822 1615 militari
848 1557 939 1628 valet3
971 1557 1050 1617 certe
1078 1559 1187 1616 nemini

204 1640 325 1697 dubium
333 1650 386 1711 est,
399 1639 469 1716 quin
483 1638 519 1696 ed
532 1657 564 1695 re
578 1638 655 1695 idem
675 1637 724 1695 ille
745 1637 896 1712 imperator
916 1637 1070 1712 plurimum
1090 1638 1185 1713 possit.

203 1719 398 1776 Vehementer
420 1727 516 1775 autem
535 1716 679 1792 pertinere
699 1715 736 1772 ad
758 1715 835 1772 bella
861 1715 1098 1786 administranda,
1117 1716 1187 1791 quid

204 1798 308 1867 hostes,
323 1797 392 1872 quid
413 1796 494 1866 socii,
508 1796 545 1852 de
568 1793 785 1870 imperatoribus
808 1793 910 1851 vestris
932 1794 1105 1865 existiment,
1122 1795 1187 1870 quis

204 1875 326 1951 ignorat,
341 1872 410 1933 cdrn
433 1874 568 1944 sciamus,
582 1873 714 1931 homines
737 1872 767 1928 in
790 1872 879 1929 tantis
901 1873 997 1943 rebus,
1012 1883 1044 1930 ut
1058 1882 1107 1929 aut
1121 1893 1187 1931 con-

153 1954 190 2008 20
204 1963 343 2024 temnant,
358 1962 408 2011 aut
427 1962 566 2022 metuant,
581 1961 630 2008 aut
649 1951 771 2021 oderint,
787 1961 836 2007 aut
857 1960 963 2021 ament,
976 1951 1109 2027 opinione
1128 1971 1186 2009 non

203 2029 300 2089 mimis
314 2032 407 2102 famae,
420 2028 509 2105 qudm‘
523 2029 617 2105 aliqud
631 2029 850 2100 certaratione,
864 2030 1058 2087 commoverit
1097 2029 1187 2090 Quod

204 2109 291 2185 igitur
311 2128 416 2168 nomen
436 2127 563 2183 unquam
584 2109 614 2165 iu
633 2110 702 2166 orb'e
722 2117 862 2164 terrarum
883 2107 990 2164 clarius
1010 2107 1083 2164 fuitt
1104 2107 1187 2182 cujus

204 2207 250 2245 res
263 2199 351 2265 gestae
364 2188 467 2264 paresl
489 2187 594 2261 dequo
608 2186 733 2256 homine,
748 2204 796 2243 vos
811 2183 865 2261 (id,
879 2186 954 2260 quod
971 2183 1095 2258 manime
1117 2186 1187 2243 facit

204 2267 418 2346 auctoritatem)
434 2275 514 2323 tanta
527 2274 624 2324 ettam
638 2264 776 2340 preclara
787 2263 898 2339 judicia
912 2263 1042 2320 lecistis?
1207 2312 1208 2316 ,

152 2346 188 2401 25
243 2344 292 2402 An
305 2343 372 2403 verd
394 2345 482 2402 ullam
503 2362 622 2419 usquam
646 2362 710 2400 esse
732 2360 811 2400 oram
834 2352 893 2398 tam
916 2342 1057 2398 desertam
1070 2342 1186 2417 putatis,

202 2420 259 2498 qud
274 2443 330 2482 non
347 2423 423 2481 illius
446 2422 504 2479 diei
528 2423 605 2480 sama
626 2421 791 2497 pervaserit,
806 2418 872 2477 clim
897 2420 1046 2477 universus
1068 2421 1187 2496 populus

146 2524 157 2541 ·
202 2500 363 2573 Romanus,
378 2502 482 2560 referto
500 2501 568 2571 foro,
582 2501 753 2576 repletisque
775 2498 908 2556 omnibus
931 2499 1054 2574 templis,
1068 2518 1104 2555 ex
1126 2500 1188 2574 qui-

202 2578 257 2635 bus
270 2581 319 2637 hic
332 2581 412 2638 locus
426 2579 553 2654 conspici
566 2588 667 2654 potest,
676 2597 766 2634 unum
777 2576 830 2634 sibi
843 2578 878 2633 ad
893 2595 1045 2634 commune
1058 2577 1186 2634 omnium

203 2658 332 2731 gentium
358 2659 465 2715 bellum
492 2657 547 2713 Cn.
572 2656 739 2731 Pompeium
773 2655 972 2730 imperatorem
1003 2655 1185 2731 depoposcitl

151 2735 188 2792 w
203 2733 315 2809 Itaque,
328 2746 361 2792 ut
374 2737 455 2811 plura
468 2754 526 2792 non
540 2734 645 2805 dicam,
669 2752 763 2808 neque
787 2733 906 2789 aliorum
929 2733 1066 2808 exemplis
1086 2733 1187 2790 confir·

203 2830 289 2882 mem,
311 2810 451 2887 quantum
479 2812 633 2868 auctoritas
658 2812 752 2868 valeat
773 2811 804 2867 in
827 2810 918 2879 bello;
941 2812 977 2867 ab
1004 2812 1105 2870 eodem
1129 2811 1184 2868 Cn.
1235 2838 1243 2849 ⁴

202 2889 338 2966 Pompeio
350 2891 477 2950 omnium
491 2908 587 2946 rerum
600 2890 781 2965 egregiarum
802 2889 932 2964 exempla
951 2899 1116 2947 sumantur:
1136 2889 1185 2965 qui

202 2969 325 3042 quodie
346 2988 364 3027 a
386 2968 465 3027 vobis
488 2968 632 3025 maritimo
658 2967 734 3025 bello
762 2967 928 3043 prepositus
953 2977 997 3024 est
1023 2968 1184 3043 imperator,

202 3055 283 3104 tanta
300 3045 417 3123 repente
438 3047 532 3104 vilitas
553 3064 684 3116 annonae,
711 3065 747 3103 ex
766 3044 878 3102 summi
900 3045 995 3121 inopia
1015 3055 1045 3103 et
1064 3046 1185 3104 caritate

150 3123 187 3178 35
202 3125 244 3182 rei
258 3125 462 3196 frumentaria,
480 3134 636 3182 consecuta
656 3134 709 3195 est,
723 3124 809 3181 unius
832 3142 882 3198 spe
905 3133 934 3180 et
956 3124 1082 3195 nomine,
1097 3143 1185 3198 quan·

200 3213 261 3260 tam
275 3204 321 3261 vix
342 3224 378 3262 ex
398 3202 510 3260 summi
531 3204 662 3260 ubertate
686 3220 819 3279 agrorum
840 3202 976 3260 diuturna
994 3221 1051 3280 pax
1069 3203 1185 3261 efficere

199 3282 345 3358 potuisset.

240 3360 317 3433 lam,
339 3359 458 3438 accepti
481 3360 511 3419 in
534 3359 626 3419 Ponto
646 3358 819 3429 calamitate,
839 3378 876 3416 ex
895 3377 930 3417 eo
948 3359 1058 3434 proelio,
1072 3359 1109 3416 de
1128 3377 1185 3435 quo

199 3459 250 3498 vos
268 3439 354 3516 pauld
377 3438 442 3498 ante
465 3440 570 3498 invitus
600 3438 745 3508 admonui,
766 3435 833 3494 crim
860 3437 931 3495 socii
960 3438 1182 3514 pertimuissent,

149 3512 185 3567 ⁴⁰
201 3519 324 3583 hostium
349 3539 417 3596 opes
438 3520 582 3593 animique
602 3517 767 3587 crevissent,
791 3516 860 3573 satis
880 3516 993 3572 firmum
1019 3516 1182 3592 presidium

199 3597 346 3672 provincia
359 3618 415 3655 non
429 3599 566 3667 haberet3
588 3595 755 3653 amisissetis
776 3595 888 3665 Asiam,
901 3592 1044 3665 Quirites,
1058 3594 1124 3665 nisi,
1147 3595 1183 3652 ad

200 3674 334 3750 idipsum
354 3677 498 3751 temporis,
512 3675 648 3733 divinitus
668 3674 723 3731 Cn.
738 3672 905 3748 Pompeium
926 3672 962 3729 ad
982 3692 1032 3730 eas
1051 3673 1183 3749 regiones
1282 3747 1285 3751 1

200 3752 312 3811 fortuna
325 3754 420 3828 populi
434 3754 561 3812 Romani
582 3753 729 3810 attulisset.
771 3751 867 3826 Hujus
887 3751 1026 3808 adventus
1046 3761 1075 3809 et
1094 3750 1184 3808 Mith-

199 3830 320 3890 ridatem
334 3830 449 3890 insolita
459 3831 667 3889 inflammatum
676 3829 796 3888 victoria
807 3828 958 3901 continuit,
968 3838 998 3887 et
1010 3828 1181 3907 Tigranem,
