2658 4468
357 377 495 428 ORATIO
517 378 588 428 PRO
609 378 641 428 Τ.
661 378 777 428 ANNIO
799 378 951 428 MILONE.
1143 381 1199 441 101

193 521 281 584 Quid
294 522 373 580 enim
386 515 470 580 nobis
483 523 605 595 duobus,
617 522 742 601 judices,
755 522 949 581 laboriosiusl
970 522 1041 597 quid
1055 521 1151 600 magis

154 601 320 674 sollicitum,
338 601 432 678 magis
452 603 622 674 exercitum,
643 602 703 659 dici
724 612 773 660 aut
793 601 864 678 fingi
884 605 999 678 potestl
1019 601 1080 677 qui,
1100 621 1151 678 spe

156 681 395 756 amplissimorum
414 682 598 756 premiorum
620 682 656 738 ad
683 681 892 757 rempublicam
920 681 1049 752 adducti,
1070 690 1151 739 metu

155 760 419 818 crudelissimorum
443 761 648 837 suppliciorum
672 779 773 818 carere
789 780 846 818 non
859 779 1020 836 possumus.
1062 759 1152 834 Equi-

154 839 221 896 dem
235 850 355 897 caeteras
369 849 554 916 tempestates
568 850 597 896 et
610 839 760 916 procellas,
775 838 805 896 in
828 839 885 896 illis
903 840 1044 896 duntaxat
1057 838 1151 896 llucti·
1182 842 1200 895 5

153 918 208 975 bus
222 919 406 989 concionum,
421 937 533 994 semper
546 919 644 995 putavi
668 917 773 977 Miloni
793 937 857 976 esse
880 919 1056 989 subeundas,
1071 915 1151 993 quod

152 1016 267 1074 semper
280 1017 332 1073 pro
346 998 428 1056 bonis
442 1007 543 1055 contra
556 998 700 1074 improbos
721 1008 868 1054 senserat:
891 997 921 1054 iu
938 997 1050 1073 judicio
1069 996 1150 1068 verb,

152 1087 182 1134 et
197 1076 227 1133 in
242 1096 277 1134 eo
291 1077 421 1148 consilio,
436 1076 466 1134 in
481 1096 537 1152 quo
550 1097 587 1134 ex
605 1076 720 1134 cunctis
742 1077 893 1134 ordinibus
916 1075 1083 1152 amplissimi
1098 1075 1151 1133 viri

158 1155 335 1232 judicarent,
349 1175 497 1231 nunquam
521 1155 683 1214 existimavi
705 1174 786 1231 spem
809 1155 898 1212 ullam
919 1174 983 1213 esse
1004 1154 1152 1213 habituros

154 1233 275 1294 Milonis
302 1235 446 1306 inimicos,
474 1236 511 1292 ad
538 1235 610 1311 ejus,
638 1254 696 1292 non
717 1235 840 1292 salutern
860 1234 945 1292 modo
966 1233 1201 1312 exstinguar-10

152 1314 231 1384 darn,
243 1314 293 1371 sed
308 1315 396 1372 etiarn
412 1314 531 1391 gloriam
545 1335 596 1390 per
610 1315 683 1371 tales
696 1313 774 1371 viros
788 1313 1012 1389 infringendam.
1176 1386 1178 1391 Ι

191 1392 383 1469 Quanquam,
397 1393 428 1451 in
438 1394 500 1450 hic
513 1393 613 1465 causa,
625 1393 750 1469 judices,
764 1392 803 1450 T.
818 1392 910 1450 Annii
931 1393 1090 1463 tribunatu,
1105 1411 1149 1450 re·

154 1471 263 1547 busque
276 1473 412 1531 omnibus
424 1491 476 1548 pro
489 1473 582 1530 salute
595 1472 763 1548 reipublicae
777 1472 876 1549 gestis,
892 1472 928 1529 ad
947 1472 1033 1548 hujus
1054 1471 1152 1529 crimi-

151 1551 198 1608 nis
212 1553 410 1610 defensionem
424 1572 482 1610 non
498 1553 668 1609 abutamur:
685 1551 746 1630 nisi
759 1552 852 1608 oculis
875 1551 1005 1608 videritis
1026 1551 1148 1608 insidias

152 1629 257 1688 Miloni
282 1650 299 1689 a
319 1632 425 1690 Clodio
452 1631 554 1703 factas,
577 1650 633 1688 nec
656 1631 838 1707 deprecaturi
851 1649 961 1702 sumus,
983 1640 1015 1688 ut
1038 1630 1150 1688 crimen
1166 1632 1200 1687 15

39 1708 48 1714 ’
151 1705 321 1782 Βοσίιοὶήε,
343 1711 436 1768 multa
458 1721 572 1786 propter
595 1709 735 1786 praeclara
749 1709 778 1767 in
806 1709 1015 1785 rempublicam
1036 1709 1149 1779 merita,

152 1790 338 1861 condonetis;
360 1809 417 1847 nec
429 1789 612 1866 postulaturi,
626 1799 668 1860 ut,
683 1789 708 1846 si
732 1808 808 1846 mors
830 1788 862 1846 P.
877 1788 974 1846 Clodii
988 1788 1067 1846 salus
1087 1807 1152 1845 res·

152 1876 198 1924 tra
217 1868 312 1940 fuerit,
336 1870 448 1927 idcirco
469 1888 535 1926 eam
557 1869 656 1927 virtuti
680 1868 799 1926 Milonis
820 1866 925 1945 potiirs,
946 1867 1033 1944 qudrn
1053 1867 1151 1945 populi

154 1944 281 2004 Romani
308 1949 451 2019 felicitati,
480 1948 642 2024 assignetis.
698 1943 751 2006 Sin
779 1948 856 2005 illius
880 1947 992 2005 insidias
1013 1947 1151 2005 clariores

155 2025 212 2082 hac
225 2026 290 2083 luce
304 2028 420 2098 fuerint,
434 2038 497 2084 turn
519 2027 645 2103 denique
668 2028 827 2085 obsecrabo
847 2028 1068 2102 obtestaborque
1088 2045 1148 2097 ros,
1163 2026 1200 2080 2⁰

160 2103 284 2179 judices,
299 2106 323 2162 si
338 2117 443 2163 caetera
457 2106 615 2177 amisimus,
630 2107 686 2164 hoc
700 2107 802 2164 saltem
815 2107 899 2164 nobis
915 2117 948 2163 ut
961 2107 1149 2182 relinquatur,

154 2183 193 2319 pb
206 2183 390 2318 {inimicorum
405 2185 528 2243 audacia
541 2186 664 2261 telisque
688 2187 776 2244 vitam
797 2196 829 2243 ut
851 2183 970 2263 impune
992 2186 1081 2244 liceat
1101 2185 1150 2242 de·

166 2281 204 2319 en
227 2282 284 2320 ere.
838 2317 842 2321 ,

195 2340 253 2399 111.
290 2342 359 2414 Sed,
376 2353 527 2418 antequam
542 2345 577 2401 ad
593 2364 658 2402 eam
671 2345 830 2403 orationem
844 2343 939 2415 venio,
954 2362 1018 2418 quar
1032 2352 1076 2401 est
1088 2362 1152 2419 prc-

151 2419 216 2496 pria
230 2431 334 2479 nostrae
354 2423 528 2497 quaestionis,
551 2424 685 2482 videntur
707 2444 742 2482 ea
763 2443 827 2482 esse
850 2424 1012 2493 refutanda,
1037 2441 1101 2496 quae
1121 2421 1199 2481 eras

154 2500 184 2556 in
199 2511 302 2558 senatu
317 2502 354 2558 ab
368 2500 494 2559 inimicis
511 2522 585 2580 saepe
596 2503 707 2579 jactata
730 2514 807 2573 sunt,
821 2513 851 2560 et
875 2503 905 2560 in
919 2501 1060 2560 concione
1074 2522 1150 2579 saeps

154 2580 191 2636 ab
220 2580 366 2656 improbis,
395 2589 424 2638 et
451 2580 536 2657 pauld
567 2581 634 2641 ante
665 2584 702 2641 ab
730 2582 964 2651 accusatoribus;
999 2591 1041 2653 nt,
1069 2582 1148 2640 omni

154 2655 279 2749 [errore]
294 2660 416 2732 sublato,
431 2680 491 2718 rem
513 2661 611 2738 plane,
633 2682 697 2739 quae
721 2662 800 2719 venit
823 2662 853 2720 in
874 2661 1028 2739 judicium,
1051 2660 1150 2720 videre

189 2750 274 2795 ssrtrs.

150 2757 220 2873 poN
222 2827 309 2894 agant
323 2817 429 2876 intueri
442 2819 540 2876 lucem
555 2840 619 2878 esse
634 2821 677 2879 fas
690 2821 729 2893 ei,
743 2820 792 2896 qui
812 2842 832 2893 a¹
852 2841 884 2879 se
904 2820 1051 2879 hominem
1072 2821 1149 2880 occi·
1161 2821 1198 2876 30

148 2915 213 2952 sum
227 2917 290 2955 esse
301 2898 434 2955 fateatur.
477 2898 513 2955 In
527 2899 585 2975 qua
599 2901 717 2958 tandem
732 2902 803 2959 urbe
818 2903 873 2960 hoc
891 2901 1022 2960 homines
1043 2901 1149 2959 stultis·

147 2975 214 3032 simi
235 2977 403 3053 disputantl
434 2997 539 3054 nempe
567 2979 597 3036 in
625 2980 670 3050 ed,
700 2999 764 3055 quae
790 2981 914 3057 primum
939 2980 1083 3056 judicium
1110 2982 1148 3040 de

147 3055 243 3131 capite
257 3057 329 3113 vidit
352 3055 395 3113 M.
411 3057 538 3128 Horatii,
561 3057 708 3116 fortissimi
730 3059 802 3130 viri3
823 3061 883 3136 qui,
905 3061 1034 3118 nondum
1054 3059 1147 3117 libert

147 3133 275 3206 civitate,
298 3145 396 3193 tamen
419 3136 516 3212 populi
538 3137 666 3195 Romani
688 3139 813 3197 comitiis
835 3140 974 3197 liberatus
1000 3149 1053 3211 est,
1077 3136 1147 3196 crim

146 3213 200 3269 sud
215 3232 304 3271 manu
318 3234 444 3272 sororem
458 3215 641 3274 interfectam
655 3237 719 3275 esse
734 3218 880 3276 fateretur.
1158 3216 1195 3271 35

188 3294 236 3349 An
251 3304 295 3350 est
308 3293 471 3368 quisquam,
486 3295 535 3370 qui
550 3297 605 3353 hoc
620 3296 742 3373 ignoret,
757 3294 826 3354 clim
848 3298 885 3355 de
908 3296 1025 3353 homine
1048 3295 1147 3355 occiso

145 3382 300 3446 queratur,
316 3383 366 3429 aut
386 3374 486 3449 negari
511 3374 602 3432 solere
622 3375 740 3433 omnino
761 3396 825 3434 esse
847 3376 967 3444 factum,
991 3385 1049 3445 aut,
1064 3373 1144 3432 recte

147 3469 183 3507 ac
194 3451 259 3527 jure
273 3451 383 3509 factum
402 3472 476 3522 esse,
490 3453 628 3511 defendil
670 3454 737 3512 Nisi
750 3453 819 3512 rerd
834 3453 1013 3525 existimatis,
1029 3456 1147 3511 dernen-

145 3539 206 3585 tern
221 3530 252 3587 P.
268 3531 443 3589 Africanum
465 3531 563 3602 fuisse,
586 3533 646 3608 qui,
670 3531 739 3591 crim
762 3552 779 3591 a
802 3533 836 3591 Ο.
862 3533 1007 3604 Carbone,
1028 3534 1145 3592 tribuno

144 3609 247 3684 plebis,
275 3610 306 3667 in
333 3609 475 3670 concione
502 3611 637 3670 seditiose
667 3611 901 3690 interrogaretur,
930 3612 999 3687 quid
1028 3614 1064 3671 de
1093 3613 1142 3673 Ti.
1157 3609 1193 3666 40

144 3688 274 3745 Gracchi
289 3702 380 3747 morte
394 3691 524 3761 sentiret,
546 3692 704 3768 respondit,
726 3691 791 3768 jure
813 3711 921 3750 cresum
941 3691 1040 3751 videri.
1083 3693 1144 3751 Ne·

144 3787 202 3843 que
216 3768 293 3825 enim
308 3778 403 3844 posset
418 3781 467 3827 aut
482 3770 579 3828 Ahala
593 3771 641 3828 ille
661 3771 811 3845 Servilius,
837 3783 886 3830 aut
900 3772 932 3830 P.
948 3771 1070 3847 Nasica,
1093 3784 1143 3832 aut

68 3904 71 3909 ,
144 3847 179 3904 L.
194 3846 340 3924 Opimius,
364 3859 413 3905 aut
434 3848 469 3907 C.
485 3848 608 3921 Marius,
632 3861 691 3922 aut,
714 3870 761 3909 me
783 3853 912 3924 consule,
935 3866 1062 3927 senatus,
1084 3874 1142 3912 non

144 3925 274 3986 nefarius
288 3927 405 4064 haberi&
414 3929 438 4041 {i
452 3928 608 3988 sceleratos
622 3930 701 3989 cives
715 3930 839 3992 interfici
863 3932 945 3993 nefas
959 3944 1042 3994 esset
1084 3934 1143 3992 Ita·
