2658 4468
392 385 529 436 ORATlO
550 383 589 434 IN
610 386 648 435 M.
665 386 867 437 ANTONIUM.
1118 392 1178 450 147

135 525 276 584 luxuriosi
299 526 434 598 hominis,
455 527 505 584 sed
529 534 627 584 tamen
652 527 835 586 abundantis.
877 529 1001 600 Horum,
1022 530 1125 606 paucis

137 604 251 675 diebus,
265 605 337 661 nihil
351 615 420 662 erat.
605 662 610 670 ,

177 681 255 743 Quae
276 683 439 757 Charybdis
457 693 516 739 tam
536 683 643 740 vorari
694 683 861 758 Charybdin
881 685 970 742 dicol
1003 705 1077 761 quae,
1099 686 1126 743 ai

137 759 202 830 fuit,
218 760 270 816 fuit
284 761 389 818 animal
410 780 520 818 unum:
542 760 681 818 Oceanus
696 761 934 842 (mediusfidius)
950 764 997 820 vix
1010 765 1123 821 videtur

138 847 181 895 tot
201 858 256 908 res,
270 848 329 895 tam
343 839 506 914 dissipatas,
520 848 579 896 tam
596 839 770 897 distantibus
790 841 820 897 in
841 840 913 898 locis
933 842 1049 916 positas,
1064 851 1123 898 tam
1157 848 1177 901 5

139 916 200 972 citd
222 916 372 973 absorbere
392 917 526 993 potuisse.
568 917 649 974 Nihil
664 918 875 988 eratclausum,
896 919 967 975 nihil
991 920 1125 995 obsigna-

138 1003 211 1064 tum,
225 995 297 1051 nihil
317 994 462 1070 scriptum.
504 995 664 1070 Apothecae
685 1005 751 1052 totae
765 995 947 1071 nequissimis
961 998 1125 1054 bominibus

139 1073 394 1130 condonabantur:
430 1073 486 1131 alia
512 1074 592 1130 mimi
612 1073 771 1149 rapiebant,
793 1074 850 1129 alia
876 1073 988 1132 mimae:
1022 1075 1125 1132 domus

139 1160 202 1206 erat
223 1151 393 1207 aleatoribus
412 1151 526 1220 referta,
546 1151 633 1226 plena
652 1152 813 1208 ebriorum:
834 1161 908 1209 totos
928 1152 990 1209 dies
1010 1154 1126 1228 potaba-

139 1238 196 1299 tur,
213 1238 296 1302 atque
310 1228 339 1285 id
353 1229 425 1285 locis
444 1229 592 1304 pluribus:
614 1230 842 1305 suggerebantur
861 1229 948 1287 etiam
962 1249 1038 1305 saepe
1053 1228 1124 1307 (non
1144 1233 1178 1287 10

139 1307 218 1362 enirn
239 1325 350 1381 semper
370 1307 430 1382 ipse
451 1307 533 1386 felix)
555 1308 662 1364 damna
683 1307 835 1365 aleatoris:
856 1309 1047 1382 conchyliatis
1068 1308 1124 1365 Cn.

139 1383 269 1459 Pompeii
290 1385 504 1460 peristromatis,
519 1404 662 1442 servorum
676 1385 707 1442 in
720 1385 812 1456 cellis,
825 1385 916 1443 lectos
935 1397 1037 1444 stratos
1050 1387 1128 1444 vide·

139 1481 194 1519 res.
234 1463 433 1523 Quamobrem
454 1462 577 1521 desinite
603 1463 710 1534 mirari,
729 1465 792 1520 haec
819 1475 877 1521 tam
904 1465 1036 1522 celeriter
1062 1484 1126 1522 essa

139 1550 318 1615 consumpta.
360 1541 429 1598 Non
455 1540 541 1599 modi>
568 1541 654 1598 unius
678 1541 892 1616 patrimonium,
913 1543 1041 1617 quamvis
1069 1562 1127 1599 am·

138 1619 219 1694 plurn
235 1618 364 1693 (utillud
379 1620 458 1698 fuit),
472 1619 523 1676 sed
545 1620 640 1691 urbes,
654 1628 684 1677 et
704 1638 805 1695 regna,
820 1621 951 1677 celeriter
972 1630 1052 1677 tanta
1075 1639 1126 1678 ne·
1144 1624 1178 1678 15

139 1697 232 1772 quitia
244 1698 380 1756 devorare
393 1698 540 1773 potuisset.

180 1775 222 1832 At
235 1776 364 1851 ejusdem
387 1776 464 1833 aedes
485 1776 583 1847 etiam,
605 1786 635 1833 et
655 1776 759 1834 hortos.
810 1775 839 1833 Ο
861 1775 1013 1834 audaciam
1028 1777 1128 1834 imma·

139 1855 225 1911 nem!
252 1864 283 1910 tu
298 1854 410 1931 ingredi
431 1854 509 1912 illam
532 1854 648 1911 domurn
670 1873 757 1912 ausus
769 1857 823 1913 est
851 1866 882 1912 tu
896 1855 965 1912 illud
980 1855 1126 1913 sanctissi-

139 1951 220 1989 mum
243 1932 331 1990 limen
353 1933 480 1990 intraret
513 1941 544 1989 tu
568 1932 681 1990 illarum
708 1932 811 1990 aedium
837 1933 902 1991 Diis
923 1934 1076 2009 penatibus
1094 1953 1127 1991 os
1175 1957 1180 1968 ¹

139 2010 413 2085 importunissimum
427 2010 601 2069 ostenderet
624 2030 627 2037 ’
640 2011 739 2072 Quam
761 2011 878 2070 domurn
898 2012 1064 2087 aliquandiu
1078 2031 1128 2069 ne-
1142 2011 1181 2065 20

139 2108 188 2145 mo
203 2089 350 2163 adspicere
369 2099 491 2165 poterat,
513 2108 598 2146 nemo
619 2089 683 2146 sine
703 2090 838 2165 lacrymis
858 2091 1014 2165 praeterire,
1029 2092 1084 2147 hac
1098 2101 1127 2148 te

139 2166 172 2224 in
186 2167 271 2224 domo
284 2168 395 2225 tamdiu
415 2167 551 2225 diversari
572 2186 631 2224 non
644 2168 752 2242 pudetl
780 2169 811 2226 in
832 2169 899 2244 quit,
913 2169 1041 2244 quamvis
1055 2168 1127 2225 nihil

139 2246 246 2320 sapias,
261 2255 358 2311 tamen
372 2246 443 2304 nibil
458 2246 509 2303 tibi
523 2254 692 2322 potestesse
703 2245 874 2321 jucundum.

180 2323 329 2382 XXVIII.
371 2327 420 2382 An
435 2335 476 2392 tu,
492 2324 540 2382 illa
554 2324 583 2380 in
605 2324 746 2381 vestibulo
759 2334 859 2393 rostra,
873 2324 973 2400 spolia,
989 2322 1056 2381 cirm
1079 2322 1128 2381 ad-

140 2402 270 2476 spexisti,
284 2403 400 2460 domum
421 2412 501 2460 tuam
515 2413 543 2460 te
564 2402 681 2459 introire
702 2403 807 2477 putasl
847 2402 925 2459 Fieri
947 2421 1004 2459 non
1025 2411 1126 2476 potest.
1143 2412 1181 2466 25

139 2479 283 2540 Quamvis
296 2481 374 2537 enim
388 2481 451 2539 sine
469 2491 576 2551 mente,
590 2481 653 2536 sine
674 2498 761 2537 sensu
785 2480 834 2550 sis,
847 2490 880 2536 ut
901 2499 948 2549 es;
979 2489 1076 2536 tamen
1098 2490 1127 2537 et
1175 2522 1182 2531 .

140 2567 181 2628 te,
195 2567 224 2614 et
238 2568 298 2630 tua,
312 2569 342 2616 et
355 2569 429 2630 tuos,
443 2558 528 2617 ndsti.
569 2558 636 2615 Nec
657 2556 725 2614 verb
746 2567 774 2614 te
794 2577 930 2633 unquam,
945 2577 1038 2633 neque
1058 2558 1129 2633 vigi·

140 2635 249 2693 lentem
264 2656 358 2713 neque
373 2637 403 2694 in
417 2637 534 2708 somnis,
554 2637 641 2694 credo
656 2645 752 2693 mente
766 2656 848 2712 posse
863 2637 1026 2694 consistere.
1068 2635 1128 2693 Ne·

141 2732 223 2771 cesse
237 2724 290 2785 est,
304 2716 434 2790 quamvis
454 2716 502 2786 sis,
517 2726 548 2772 ut
568 2735 609 2785 es,
626 2712 794 2795 [violentus]
810 2726 839 2772 et
862 2715 969 2786 furens,
983 2713 1051 2772 crim
1075 2715 1143 2785 tibi,

140 2791 257 2867 objecta
276 2794 313 2851 ait
331 2794 443 2869 species
464 2793 617 2869 singularis
637 2793 700 2863 viri,
720 2794 900 2870 perterritum
921 2806 950 2852 te
970 2794 1006 2851 de
1027 2814 1127 2852 somno
1144 2804 1181 2858 30

141 2871 272 2942 excitari,
288 2872 382 2929 furere
403 2872 488 2928 etiam
509 2891 585 2947 saepe
601 2872 776 2948 vigilantem.
818 2872 868 2930 Me
882 2873 997 2948 quidem
1012 2874 1128 2930 miseret

140 2949 283 3024 parietum
298 2950 423 3026 ipsorum
439 2960 523 3025 atque
537 2960 685 3007 tectorum.
726 2950 809 3012 Quid
831 2952 907 3008 enim
932 2972 1058 3027 unquam
1079 2952 1129 3009 do·

142 3046 207 3083 mus
226 3027 275 3084 illa
297 3029 416 3099 viderat,
431 3029 486 3084 nisi
499 3029 647 3104 pudicum,
662 3028 716 3085 nisi
731 3049 767 3086 ex
780 3030 887 3104 optimo
901 3050 989 3100 more,
1004 3041 1032 3087 et
1046 3049 1129 3086 sanc·

141 3105 260 3181 tissimi¹
277 3106 451 3182 disciplinali
493 3106 562 3163 Fuit
582 3106 658 3163 enim
684 3107 731 3163 ille
753 3108 805 3178 vir,
828 3108 927 3164 Patres
953 3108 1127 3182 Conscripti,

144 3181 233 3260 (sicut
247 3183 341 3263 scitis)
357 3182 423 3242 clun
439 3183 506 3242 soris
520 3185 624 3254 clarus,
639 3185 791 3251 tumdomi
812 3186 1013 3254 admirandus;
1035 3205 1127 3260 neque
1145 3192 1184 3246 35

141 3262 229 3318 rebus
249 3263 375 3319 externis
395 3263 487 3339 magis
507 3263 677 3333 laudandus,
692 3261 778 3336 quarn
798 3263 934 3319 institutis
954 3264 1128 3319 domesticis.

143 3339 240 3414 Hujus
261 3339 291 3396 in
311 3341 437 3411 sedibus,
457 3362 510 3417 pro
529 3341 672 3398 cubiculis
692 3341 814 3410 stabula,
828 3359 879 3415 pro
899 3341 1031 3396 tricliniis
1051 3341 1130 3414 popi-

142 3436 198 3488 nae,
217 3427 292 3475 sunt.
334 3418 397 3475 Etsi
414 3419 474 3494 jam
496 3429 590 3495 negat.
631 3417 740 3488 Nolite,
761 3419 849 3474 nolite
862 3436 997 3492 quaerere.
1038 3417 1130 3493 Frugi

143 3494 237 3552 iactus
250 3506 310 3553 est:
332 3496 448 3554 mimam
463 3498 541 3554 illam
555 3515 636 3553 suam
651 3515 718 3552 suas
732 3515 777 3552 res
791 3496 846 3553 sibi
860 3496 966 3552 habere
983 3495 1078 3570 jussit,
1092 3515 1129 3552 ex

142 3572 306 3631 Duodecim
326 3574 466 3633 Tabulis:
501 3576 596 3632 claves
619 3573 744 3642 ademit;
778 3574 882 3650 exegit.
922 3572 1021 3635 Quam
1044 3572 1128 3648 porrd
1145 3577 1183 3632 40

142 3662 289 3726 spectatus
309 3653 391 3724 civis,
412 3651 498 3728 quiam
518 3653 663 3728 probatus,
678 3651 760 3726 cujus
780 3671 815 3708 ex
835 3652 986 3710 omnixvitai
1000 3651 1071 3708 nihil
1086 3662 1132 3709 est

142 3729 300 3800 honestius,
314 3729 400 3804 quiam
414 3728 491 3805 quod
506 3750 572 3788 cum
586 3730 675 3786 mimia
689 3730 758 3786 fecit
776 3730 947 3787 divortiuml
988 3732 1029 3788 At
1043 3729 1129 3806 quiam

143 3806 246 3865 crebro
266 3818 386 3883 usurpat
401 3809 468 3866 “Et
488 3808 589 3867 consul
615 3817 645 3864 et
670 3808 817 3867 Antonius
827 3807 853 3865 1³³
876 3811 931 3867 boc
957 3822 1001 3870 est
1021 3811 1129 3880 dicere,

142 3894 173 3943 et
192 3886 304 3958 consul,
324 3896 355 3945 et
374 3886 635 3964 impudicissimus:
655 3898 686 3946 et
705 3887 817 3953 consul.
840 3897 871 3945 et
889 3888 974 3948 bomo
992 3887 1134 3966 nequissi-
