2658 4468
337 346 476 399 ORATIO
498 347 569 396 PRO
590 346 621 398 T.
644 346 759 395 ANNIO
782 346 932 396 MILONE.
1125 347 1183 407 117

136 491 287 552 servasset
328 487 417 547 Multi
430 489 519 547 etiam
533 488 689 547 Catilinam
710 501 796 566 atque
816 490 866 549 illa
884 498 1016 567 portenta
1034 488 1132 565 loque·
1212 548 1223 569 .

137 573 261 629 bantur:
281 567 439 646 Erumpet3
461 568 616 644 occupabit
636 569 761 644 aliquem
774 570 887 638 locum3
909 569 1016 627 bellum
1030 569 1129 645 patria

140 651 237 708 saciet
277 646 400 706 Miseros
414 647 559 706 interdum
573 647 661 719 cives,
671 646 777 724 optime
789 649 825 706 de
835 648 984 724 republica
995 648 1127 706 meritos!

141 728 287 805 inquibus
307 727 439 785 homines
458 746 516 785 non
536 725 621 783 modo
640 745 686 784 res
705 726 937 803 praeclarissimas
956 726 1130 785 obliviscun-

139 818 196 878 tur,
211 806 363 865 sedetiam
376 805 503 864 nefarias
522 804 713 881 suspicantur.
755 806 833 882 Ergo
847 806 896 863 illa
910 806 982 863 falsa
995 806 1128 864 fuerunt:
1163 807 1182 860 5

137 906 202 962 quau
223 883 302 943 certe
317 904 385 943 vera
402 884 587 955 exstitissent,
602 883 627 940 si
647 883 721 941 Milo
741 885 903 943 admisisset
922 885 1039 961 aliquid,
1053 884 1129 961 quod

137 986 195 1024 non
210 973 305 1041 posset
318 962 437 1022 honeste
454 961 577 1038 vereque
591 963 755 1021 defendere.

178 1043 296 1101 XXIV.
329 1043 433 1104 Quidt
460 1062 524 1117 quae
545 1053 644 1119 postea
663 1052 731 1100 sunt
750 1042 780 1100 in
801 1061 868 1100 eum
889 1052 1035 1119 congesta,
1051 1041 1128 1119 (quae

137 1123 279 1198 quemvis,
300 1122 389 1180 etiam
410 1122 599 1187 mediocrium
622 1121 793 1179 delictorum
817 1121 1005 1192 conscientia,
1029 1141 1118 1198 percu

138 1202 253 1280 lissent)
285 1210 317 1258 ut
349 1201 500 1259 sustinuit!
542 1199 593 1257 Dii
626 1200 816 1258 immortales!
851 1200 1007 1257 sustinuitl
1041 1195 1182 1257 immolo

138 1279 218 1352 verb,
233 1292 265 1338 ut
278 1280 459 1355 contempsit,
474 1298 510 1338 ac
529 1298 580 1355 pro
599 1279 691 1337 nihilo
712 1280 836 1355 putavit!
867 1298 930 1354 quae
943 1298 1038 1355 neque
1052 1298 1129 1337 max·

137 1360 197 1418 imo
224 1360 320 1417 animo
353 1378 472 1429 nocens,
498 1377 593 1433 neque
620 1358 768 1429 innocens,
795 1357 852 1417 uisi
879 1357 1048 1417 fortissimus
1074 1359 1128 1430 vir,

137 1439 286 1516 negligere
308 1438 456 1514 potuisset.
479 1439 664 1508 ‚Scotorum
686 1436 856 1513 gladiorum,
881 1438 1043 1508 fraenorum,
1067 1456 1129 1513 spa·

139 1538 246 1589 rorum,
259 1516 439 1594 pilorumque
453 1516 551 1586 etiam,
566 1515 719 1573 multitudo
734 1517 910 1592 deprehendi
922 1536 1005 1593 posse
1019 1516 1130 1574 indica-

139 1598 232 1654 batur.
273 1596 397 1653 Nullum
419 1596 449 1652 in
473 1594 552 1652 Urbe
575 1594 681 1665 vicum,
708 1594 820 1652 nullum
847 1596 1037 1673 angiportum,
1065 1614 1128 1652 esse
1147 1596 1181 1649 15

139 1676 285 1746 dicebant,
300 1676 330 1734 in
345 1694 402 1750 quo
422 1673 527 1732 Miloni
547 1693 605 1731 non
619 1684 695 1731 esset
708 1674 852 1732 conducta
865 1675 983 1733 domus:
1005 1675 1129 1732 armaio

140 1754 238 1811 villam
256 1754 466 1812 Ocriculanam
487 1753 608 1810 devecta
627 1751 748 1810 Tiberi:
769 1754 886 1810 domurn
904 1754 935 1811 in
952 1753 1026 1812 clivo
1044 1753 1130 1830 Capi·

141 1834 230 1891 tolino
251 1834 340 1891 scutis
360 1833 512 1891 refertam:
535 1832 622 1910 plena
641 1832 740 1891 omnia
762 1833 959 1890 malleolorum
983 1833 1019 1890 ad
1042 1832 1130 1890 Urbis

145 1911 280 1969 incendia
301 1922 536 1988 comparatorum.
577 1911 652 1969 Haec
672 1931 731 1972 non
753 1912 848 1970 delata
868 1909 971 1984 solum,
985 1913 1036 1970 sed
1053 1910 1128 1989 pene

145 1990 272 2059 credita3
292 2010 349 2049 nec
363 1988 428 2048 ante
441 1991 591 2067 repudiata
604 2001 680 2061 sunt,
695 1989 782 2066 quam
795 1991 922 2067 quaesita.
1145 1993 1181 2048 2⁰

184 2068 353 2126 Laudabam
366 2070 497 2145 equidem
510 2069 711 2128 incredibilem
721 2071 901 2147 diligentiam
915 2068 970 2127 Cn.
982 2069 1127 2146 Pompeii:

141 2149 194 2206 scd
209 2148 314 2219 dicam,
329 2159 360 2206 ut
373 2149 473 2220 sentio,
484 2149 606 2225 judices.
647 2148 745 2206 Nimis
758 2150 850 2208 multa
863 2149 962 2207 audire
976 2159 1128 2226 coguntur,

139 2247 236 2302 neque
256 2227 337 2286 aliter
358 2229 454 2287 facere
471 2239 599 2306 possunt,
614 2227 645 2300 ii,
659 2229 764 2303 quibus
776 2240 836 2287 tota
850 2227 1002 2286 commissa
1016 2238 1059 2284 est
1073 2248 1130 2285 res·

138 2306 272 2383 publica;
294 2307 362 2383 quin
383 2308 472 2366 ctiam
493 2308 654 2365 audiendus
674 2307 760 2365 fuerit
778 2327 852 2385 pqpa
871 2306 1013 2377 Licinius,
1031 2306 1130 2364 nescio

139 2386 214 2461 quis,
235 2387 271 2444 de
292 2387 398 2446 Circo:
426 2406 522 2445 servos
542 2386 671 2457 Milonis,
693 2387 768 2462 apud
788 2406 819 2443 se
840 2386 934 2443 ebrios
954 2384 1054 2455 factos,
1074 2384 1129 2441 sibi
1146 2385 1181 2439 25

139 2466 286 2524 confessos
306 2487 380 2538 esse,
394 2486 426 2525 se
444 2467 481 2524 de
503 2466 704 2524 interficiendo
722 2465 777 2522 Cn.
792 2463 928 2540 Pompeio
946 2461 1146 2539 conjurassez.

139 2545 245 2602 deinde
263 2556 362 2621 postea
377 2566 409 2604 se
427 2545 524 2622 gladio
542 2563 711 2621 percussum
732 2563 795 2602 esse
816 2544 852 2601 ab
873 2562 931 2600 uno
952 2543 988 2600 de
1011 2541 1076 2613 illis,
1091 2563 1128 2601 ne

110 2665 115 2672 .
140 2622 290 2681 indicaret.
332 2625 469 2700 Pompeio
479 2625 507 2681 in
519 2624 614 2682 hortos
628 2623 777 2681 nuntiavit.
819 2624 959 2681 Arcessor
970 2621 999 2679 in
1013 2621 1130 2698 primis:

138 2703 177 2760 de
197 2703 355 2762 amicorum
378 2704 532 2774 sententia,
547 2721 608 2761 rem
626 2702 718 2761 defert
737 2703 773 2759 ad
790 2712 930 2760 senatum.
972 2701 1039 2760 Non
1053 2713 1129 2779 pote·

139 2799 212 2852 ram,
228 2782 258 2839 in
280 2782 357 2840 illius
377 2782 435 2840 mei
454 2782 756 2858 patriaequecustodis
776 2783 856 2840 tantia
878 2781 1048 2858 suspicione,
1071 2803 1129 2840 non
1145 2784 1181 2839 30

140 2870 220 2916 metu
238 2862 415 2919 exanimari:
437 2862 488 2919 sed
504 2862 630 2920 mirabar
648 2871 754 2932 tamen,
774 2862 854 2919 credi
871 2881 950 2937 popae
960 2881 968 2930 ;
992 2860 1129 2938 [ebrioso-

140 2940 218 3018 rum]
236 2941 446 2998 confessionem
466 2959 613 2998 servorum
636 2940 747 3009 audiri;
769 2941 872 2998 vulnus
890 2941 920 2998 in
938 2941 1038 3011 latere,
1053 2941 1129 3015 quod

141 3037 198 3075 acu
217 3029 357 3093 punctum
371 3019 525 3090 videretur,
538 3039 590 3095 pro
603 3019 663 3076 ictu
677 3019 842 3096 gladiatoris
855 3020 976 3095 probari.
1017 3017 1128 3077 Verirm

142 3096 189 3175 (ut
213 3097 355 3175 intelligo)
379 3100 499 3155 cavebat
519 3098 613 3175 magis
634 3098 797 3174 Pompeius,
817 3097 904 3174 quiam
926 3099 1056 3167 timebat,
1071 3118 1128 3154 non

140 3196 176 3233 ea
190 3175 293 3246 solum,
308 3196 371 3250 quae
391 3178 521 3235 timenda
540 3187 632 3248 erant,
647 3177 698 3234 sed
715 3178 832 3235 omnino
849 3177 955 3245 omnia,
969 3197 1006 3233 ne
1021 3177 1128 3250 aliquid
1146 3182 1181 3235 35

140 3274 190 3312 vos
214 3255 362 3312 timeretis.
402 3256 578 3333 Oppugnata
598 3258 699 3314 domus
719 3257 754 3313 O.
776 3255 910 3323 Caesaris,
927 3255 1079 3311 clarissimi
1100 3264 1130 3311 et

141 3332 288 3390 fortissimi
302 3334 364 3405 viri,
378 3355 428 3411 per
450 3336 554 3392 multas
575 3334 670 3392 noctis
692 3337 777 3392 horas
798 3333 992 3390 nuntiabatur.
1034 3332 1129 3390 Nemo

141 3412 273 3469 audierat
287 3422 346 3469 tam
360 3414 467 3471 celebri
480 3414 554 3484 loco,
568 3431 654 3471 nemo
667 3423 814 3471 senserat:
836 3422 933 3468 tamen
950 3410 1129 3470 audiebatur.

139 3489 209 3548 Non
229 3500 358 3566 poteram
378 3491 433 3550 Cn.
455 3492 633 3569 Pompeium,
647 3490 883 3567 praestantissima
903 3490 1006 3547 virtute
1027 3490 1128 3560 virum,

139 3569 275 3626 timidum
296 3570 455 3646 suspicari:
477 3570 667 3647 diligentiam,
682 3569 741 3627 tota
762 3568 910 3644 republica
931 3569 1073 3644 suscepti,
1088 3569 1131 3626 ni·
1147 3576 1182 3630 40

139 3649 229 3704 miam
256 3648 365 3706 nullam
391 3652 537 3726 putabam.
579 3647 825 3724 Frequentissimo
852 3658 953 3705 senatu
980 3668 1071 3724 nuper
1099 3648 1128 3705 in

140 3726 293 3802 Capitolio,
308 3739 422 3787 senator
446 3730 578 3787 intentus
598 3737 651 3798 est,
670 3728 719 3802 qui
744 3726 882 3785 Milonem
905 3746 972 3784 cum
994 3727 1050 3785 telo
1068 3747 1131 3785 essa

140 3806 259 3863 diceret
302 3806 432 3866 Nudavit
458 3829 489 3866 se
517 3807 546 3865 in
573 3806 756 3865 sanctissimo
778 3807 893 3882 templo,
914 3808 1049 3881 quoniam
1072 3808 1131 3865 vita

139 3884 206 3941 talis
219 3894 249 3942 et
263 3884 345 3956 civis,
359 3895 389 3943 et
409 3887 473 3959 viri,
487 3888 574 3945 fidem
587 3907 645 3945 non
659 3886 796 3959 faciebat,
809 3884 875 3960 uisi,
890 3906 925 3947 eo
945 3896 1071 3959 tacente,
1085 3906 1132 3945 res

139 3963 202 4040 ipsa
215 3963 387 4039 loqueretur.
743 4024 748 4031 ,
1148 3968 1185 4025 ta
