2658 4468
152 362 211 425 160
452 357 588 408 ORATIO
610 357 648 406 IN
668 356 706 405 Μ.
723 353 925 404 Antonium.

199 502 334 560 involute.
376 498 499 570 Janitor,
519 498 598 562 Quis
622 501 676 557 tul
717 497 746 556 A
770 496 874 555 Marco
897 494 1071 555 tabellarius.
1113 493 1196 552 eon.

199 580 294 639 lentim
309 580 345 636 ad
358 597 434 649 eam,
449 578 533 653 cujus
553 578 643 636 camd
658 586 785 646 venerat,
800 576 969 645 deducitur3
990 575 1075 650 eique
1088 574 1196 648 episto-

198 659 258 717 lam
277 657 372 717 tradit.
413 657 514 719 Quam
534 654 603 715 citro
624 656 673 714 illa
693 655 802 731 legeret
822 653 904 724 flens,
921 653 998 731 (erat
1017 653 1095 709 enim
1115 670 1196 711 ama

198 734 270 797 torte
295 736 422 810 scripta:
450 745 538 810 caput
565 745 662 795 autem
682 733 839 803 literarum,
860 732 916 790 sibi
937 750 1005 790 cum
1026 731 1075 788 ills
1102 730 1195 786 mima

165 816 318 890 bpostbao
338 814 410 873 nibil
432 813 578 872 futurum:
598 831 714 870 omnem
734 831 766 868 so
789 830 915 868 amorem
937 809 1077 885 abjecisse
1100 808 1192 879 illinc,

199 903 284 968 atque
305 892 336 950 in
356 893 433 951 hanc
453 891 655 969 transfudisse)
670 888 739 948 cum
753 890 856 947 mulier
870 888 951 946 fleret
964 885 1092 957 uberiirs,
1101 887 1194 944 homo

198 971 363 1031 misericors
377 972 450 1030 serre
466 989 524 1029 non
544 970 653 1046 potuit:
675 978 764 1044 caput
784 968 911 1044 aperuit3
934 968 964 1024 in
985 965 1091 1023 collum
1112 965 1193 1022 inva-

199 1048 246 1106 sit.
287 1048 316 1106 Ο
330 1049 478 1106 homiuem
492 1049 633 1124 nequaml
656 1046 737 1123 (quid
752 1047 831 1105 enim
855 1046 933 1103 eliud
957 1046 1076 1102 dicaml
1098 1043 1193 1119 magis

198 1126 313 1203 proprie
334 1127 406 1189 nihil
426 1145 542 1203 possum
567 1126 688 1203 dicere)
730 1124 819 1201 Ergo,
833 1134 866 1181 ut
885 1134 914 1181 te
935 1123 1115 1192 catamitum,
1134 1141 1193 1179 nec

149 1204 317 1281 suspirato
344 1203 412 1263 clun
439 1205 624 1274 ostendisses,
643 1212 746 1279 prater
772 1222 852 1278 spem
879 1203 982 1260 mulier
1018 1201 1191 1276 adspiceret,

199 1284 309 1342 idcirco
329 1283 437 1341 Urbem
461 1292 568 1341 terrore
589 1293 741 1351 nocturno,
763 1280 877 1338 Italiam
902 1281 1057 1338 multorum
1078 1279 1193 1336 dierum

199 1373 289 1431 metu,
302 1360 492 1436 perturbdstil
535 1360 573 1417 Et
593 1360 671 1417 dorni
691 1359 807 1434 quidem
828 1377 947 1416 causam
968 1358 1072 1417 amoris
1089 1355 1192 1433 [habu-

200 1439 277 1573 istiqq
313 1436 381 1501 lurls
407 1439 495 1495 etiam
522 1438 687 1514 turpiorem,
714 1457 752 1495 ne
779 1437 813 1495 L.
840 1437 968 1494 Plancus
994 1437 1105 1512 praedes
1125 1445 1192 1492 tuos

199 1537 253 1575 ren
274 1527 343 1575 eret
385 1516 547 1575 Productus
562 1527 658 1574 autern
672 1517 702 1573 in
725 1515 929 1573 concionema
949 1516 1066 1573 tribuno
1087 1513 1191 1589 plebis,

150 1595 186 1653 lb
200 1591 269 1652 edm
282 1595 487 1670 respondisses,
502 1604 531 1651 te
545 1596 587 1652 rei
608 1605 665 1653 ture
689 1594 780 1653 causi
804 1594 928 1665 senisse,
942 1593 1081 1670 populum
1103 1590 1194 1649 etiam

199 1674 332 1735 dicacem
347 1673 376 1730 in
391 1683 420 1730 te
437 1673 597 1731 reddidisti.

238 1751 372 1809 XXXII.
414 1752 473 1808 Sed
487 1751 573 1809 nimis
585 1752 674 1808 multa
687 1751 724 1807 de
738 1751 840 1827 nugis:
862 1750 898 1807 ad
909 1748 1018 1825 majora
1028 1748 1191 1806 veniamus.

199 1829 308 1889 casui
328 1849 366 1887 ex
385 1829 528 1904 Hispaniis
547 1829 680 1887 redeunti
697 1830 812 1886 obvidm
832 1825 999 1904 longissime
1015 1827 1191 1922 processisti.

199 1907 340 1966 Celeriter
363 1906 422 1977 isti,
450 1906 560 1977 redisti,
584 1918 616 1965 ut
638 1918 827 1983 cognosceret
849 1918 889 1977 te,
910 1907 936 1963 si
959 1905 1056 1963 minus
1076 1905 1192 1977 fortem,

148 1989 185 2047 ‘ll
200 1997 326 2044 attamen
347 1996 506 2047 strenuum.
548 1985 658 2045 Factus
679 2005 710 2042 es
731 1986 759 2043 ei
784 2005 893 2056 rursus,
915 1985 1016 2042 nescio
1037 1984 1191 2059 quomodo,

121 2108 127 2117 .
199 2064 355 2123 familiaris.
399 2065 535 2121 Habebat
549 2066 604 2122 hoc
620 2064 740 2122 omnino
754 2064 870 2122 Caesar:
892 2083 978 2138 quem
991 2059 1077 2139 plane
1099 2063 1195 2138 perdi·

198 2153 261 2201 tum
283 2162 338 2200 oere
359 2142 464 2213 alieno,
483 2153 684 2237 egentemque,
705 2143 730 2200 si
750 2144 876 2200 eundern
897 2161 1021 2216 nequam
1046 2141 1193 2198 hominem

200 2222 397 2297 audacemque
422 2231 572 2297 cognorat,
594 2223 673 2279 hunc
697 2221 728 2278 iu
752 2221 974 2287 familiaritatem
999 2218 1193 2276 libentissime

201 2301 366 2376 recipiebat.
409 2300 465 2357 His
480 2300 566 2376 igitur
585 2301 672 2358 rebus
685 2297 823 2375 preclare
845 2298 1073 2367 commendatus,
1096 2298 1211 2372 jussus¹

148 2379 184 2437 ἦ
201 2397 233 2435 es
247 2378 404 2436 renuntiari
421 2379 532 2450 consul,
547 2390 577 2437 et
597 2379 714 2454 quidem
736 2398 803 2435 cum
825 2378 895 2453 ipso.
936 2376 1019 2433 Nihil
1034 2377 1193 2451 querende

205 2457 363 2528 Dolabella,
377 2457 426 2531 qui
447 2469 508 2517 tum
529 2467 573 2515 est
597 2458 746 2533 impulsus,
762 2457 906 2527 inductus,
921 2456 1026 2513 elusus.
1068 2455 1140 2515 Qua
1162 2455 1193 2511 in

203 2555 235 2593 re
248 2546 357 2609 quanta
378 2535 463 2593 fuerit
483 2535 630 2610 utriusque
652 2535 778 2593 vestrirm
799 2535 921 2611 perfidia
944 2534 974 2591 in
1001 2533 1192 2604 Dolabellam,

202 2613 266 2687 quis
280 2614 413 2689 ignorati
454 2613 508 2671 Ille
523 2614 646 2684 induxit,
661 2624 693 2671 ut
705 2625 831 2689 peteret:
853 2612 1024 2688 promissum
1044 2621 1074 2668 et
1093 2630 1193 2686 recep·

202 2700 263 2747 turn
277 2691 446 2761 intervertit,
461 2693 497 2748 ad
511 2711 598 2766 seque
613 2692 774 2751 transtulit:
796 2705 826 2749 tu
840 2691 902 2766 ejus
923 2690 1050 2765 perfidiae
1064 2690 1194 2746 volunta·

148 2765 185 2823 ³⁰
202 2779 261 2825 tem
282 2779 360 2824 tuam
382 2769 567 2845 adscripsisti.
610 2771 739 2828 Veniunt
760 2770 897 2827 Calendae
918 2769 1084 2826 Jauuariae:
1114 2768 1192 2843 cogi·

202 2864 266 2902 mur
287 2845 317 2901 in
337 2856 487 2905 senatum:
509 2848 640 2905 invectus
660 2858 703 2905 est
724 2846 869 2924 copiosiirs
889 2845 979 2906 multd
1001 2847 1030 2904 in
1054 2846 1140 2902 istum
1163 2856 1193 2903 et

201 2921 330 2998 paratibs
342 2922 503 2992 Dolabella,
519 2923 606 3000 quam
627 2945 706 2983 nunc
720 2946 783 3003 ego.v
825 2926 884 2983 Hic
907 2937 1003 2983 autem
1026 2924 1192 2999 iratusque

201 3001 284 3071 dixit,
299 3000 349 3058 Dii
364 3002 449 3060 boni!

241 3077 380 3149 Primirm,
395 3077 464 3138 cirm
478 3081 577 3139 Caesar
590 3082 772 3153 ostendisset,
786 3102 827 3153 se,
841 3082 1007 3158 priusquam
1028 3081 1192 3156 proficisce-

148 3155 184 3219 ὅ
202 3167 290 3228 retur,
314 3158 495 3223 Dolabellam
517 3161 666 3219 consulem
693 3180 757 3218 esse
775 3161 940 3236 jussurum3
964 3159 1063 3235 (quem
1084 3169 1193 3235 negant

201 3255 310 3312 regem,
337 3237 435 3312 quiet
456 3239 564 3296 faceret
591 3259 703 3314 semper
724 3239 863 3314 ejusmodi
885 3239 1001 3313 aliquid,
1016 3249 1051 3295 et>
1066 3238 1189 3315 diceret)

202 3316 252 3373 sed
274 3314 342 3374 oiim
362 3315 461 3377 Cesar
483 3317 522 3377 ita
542 3318 662 3376 dixisset
670 3338 678 3386 ;
712 3330 772 3375 tum
792 3318 840 3374 hic
862 3317 953 3374 bouus
979 3336 1080 3392 augur,
1101 3335 1137 3373 eo
1161 3334 1193 3373 se

202 3395 363 3453 sacerdotio
374 3396 526 3470 praeditum
546 3415 610 3453 esse
630 3396 712 3466 dixit,
727 3406 759 3453 ut
779 3396 895 3453 comitia
917 3395 1053 3471 auspiciis
1074 3395 1117 3452 vel
1142 3394 1192 3450 im·

202 3472 300 3546 pedire
314 3473 358 3530 vel
372 3473 472 3533 vitiare
486 3485 601 3550 posset:
625 3475 710 3549 idque
724 3494 755 3531 se
776 3475 919 3531 facturum
932 3494 996 3531 esse
1010 3472 1190 3531 asseveravit.

149 3546 185 3603 4ss
202 3548 239 3605 Iu
265 3570 322 3628 quo
345 3550 469 3626 primdm
491 3553 691 3610 incredibilem
712 3553 907 3628 stupiditatem
927 3553 1052 3610 hominis
1072 3571 1193 3627 cognos-

202 3627 268 3685 cite.
309 3629 393 3689 Quid
420 3631 522 3688 eniml
557 3631 642 3701 istuc,
670 3632 745 3706 quod
769 3641 797 3687 te
829 3631 984 3688 sacerdotii
1011 3631 1075 3706 jure
1097 3631 1192 3687 sacere

201 3723 284 3778 posse
304 3705 411 3777 dixisti,
426 3709 450 3765 si
471 3727 561 3783 augur
575 3729 634 3767 non
648 3728 736 3778 esses,
750 3720 779 3765 et
803 3709 904 3766 consul
927 3728 1016 3779 esses,
1031 3706 1128 3765 minus
1153 3707 1194 3764 fas

202 3800 269 3869 oete
282 3784 446 3856 potuisses?
486 3786 574 3856 Vide,
588 3806 626 3844 ne
640 3787 727 3844 etiam
742 3785 875 3844 facilins:
910 3806 963 3844 uos
977 3787 1055 3844 enim
1079 3786 1194 3843 nuntia·

202 3870 309 3925 nouem
336 3860 430 3921 solnm
456 3864 613 3934 habemus;
648 3866 781 3924 consules
812 3876 842 3923 et
876 3865 978 3943 reliqui
1009 3864 1195 3942 magistratus
