2702 4464
151 324 193 383 60
424 322 561 374 ORATIO
583 324 654 375 PRO
676 324 773 375 LEGE
795 324 962 376 MANILIA.

203 465 331 524 suluistis
339 486 347 536 ;
368 464 448 525 recte
463 466 510 525 isti
524 467 619 525 studia
632 477 726 525 vestra
746 469 806 526 suis
825 469 954 528 consiliis
971 489 1073 548 regere
1087 492 1195 531 conan-

203 555 258 603 tur.
300 547 354 603 Sin
368 556 464 604 autem
482 566 531 604 vos
551 547 616 622 plus
631 557 692 605 turn
707 548 737 604 in
750 567 782 605 re
795 549 912 624 publici
926 549 1052 621 vidistis3
1075 571 1133 623 vos,
1147 554 1194 610 his

203 626 439 702 repugnantibus,
462 645 513 702 per
534 636 644 683 vosmet
670 626 746 703 ipsos
768 627 939 703 dignitatem
965 629 1035 687 huic
1062 630 1192 707 imperio,

203 703 325 761 salutem
345 704 408 761 orbi
429 714 580 775 terrarum,
595 705 730 763 attulistis
738 725 746 776 ;
768 706 922 781 aliquando
935 706 982 763 isti
996 708 1149 785 principes,
1163 720 1194 768 et

167 793 187 846 5
203 782 259 839 sibi
272 792 302 840 et
315 783 437 854 caeteris,
451 784 547 861 populi
567 783 695 842 Romani
715 784 842 842 universi
857 786 1020 844 auctoritati
1033 789 1194 864 parendum

125 878 128 879 ’
202 880 266 919 esse
280 861 432 920 fateantur.
597 912 601 917 .

242 941 349 1016 Atque,
364 941 394 998 in
408 942 464 999 hoc
477 941 553 999 bello
572 940 705 999 Asiatico
724 951 754 999 et
773 941 863 1019 regio,
876 961 935 1001 non
954 942 1047 1001 solnm
1060 944 1194 1003 militaris

203 1019 253 1076 illa
266 1020 365 1090 virtus,
379 1039 442 1095 quae
461 1030 505 1078 est
523 1020 553 1078 in
572 1017 627 1077 Cn‘.
642 1020 779 1097 Pompeio
796 1022 960 1098 singularis,
974 1023 1026 1080 sed
1048 1023 1111 1080 aliae
1125 1044 1194 1099 quo·

202 1117 258 1173 que
279 1099 399 1157 virtutes
423 1100 512 1157 animi
529 1099 627 1156 multe
648 1108 678 1156 et
697 1118 810 1176 magnas
830 1101 1023 1176 requiruntur.
1064 1102 1193 1161 Difficile

152 1185 187 1240 10
202 1188 246 1234 est
266 1178 296 1235 in
317 1177 401 1249 Asia,
420 1178 538 1250 Cilicia,
559 1178 653 1253 Syria,
674 1179 827 1254 regnisque
845 1179 1013 1238 interiorum
1033 1181 1192 1253 nationum,

203 1256 244 1313 ita
266 1257 374 1314 versari
400 1267 526 1315 vestrum
552 1257 762 1332 imperatorem,
786 1268 819 1314 ut
839 1258 912 1316 nihil
935 1258 1024 1331 aliud,
1046 1258 1133 1335 quim
1157 1262 1194 1318 de

203 1336 284 1392 hoste
299 1353 334 1392 ac
348 1336 384 1392 de
397 1335 484 1393 laude
498 1336 613 1411 cogitet
654 1335 779 1408 Deinde,
798 1336 886 1393 etiam
905 1337 980 1412 siqui
1000 1349 1066 1395 sunt
1085 1340 1193 1414 pudore

204 1432 240 1471 ac
257 1414 446 1489 temperantia
464 1415 668 1472 moderatiores
678 1434 686 1484 ;
707 1424 805 1473 tamen
826 1435 875 1473 eos
898 1435 961 1473 esse
981 1416 1063 1487 tales,
1081 1428 1196 1493 propter

203 1492 418 1550 multitudinem
439 1493 608 1568 cupidorum
628 1493 788 1565 hominum,
802 1514 888 1552 nemo
909 1495 1071 1553 arbitratur.
1112 1494 1195 1553 Diffi·
1264 1546 1267 1561 ,

153 1569 187 1625 15
204 1571 261 1628 cile
281 1581 326 1628 est
344 1573 435 1643 dictu,
448 1571 592 1642 Quirites,
606 1582 715 1646 quanto
736 1573 766 1630 in
787 1574 854 1631 odic
875 1573 965 1630 simus
989 1574 1064 1651 apud
1082 1584 1194 1631 exteras

204 1650 345 1721 nationes,
368 1660 481 1726 propter
504 1670 613 1722 eorum,
637 1670 708 1726 quos
732 1653 768 1708 ad
792 1671 842 1710 eos
864 1671 914 1728 per
939 1653 990 1710 hos
1014 1672 1103 1710 anuos
1127 1672 1193 1710 cum
1273 1666 1281 1679 '

204 1729 324 1805 imperio
343 1730 484 1801 misimus,
505 1730 624 1806 injurias
645 1749 680 1788 ac
700 1731 844 1788 libidines.
884 1730 975 1792 Quod
995 1733 1073 1788 enim
1095 1732 1194 1789 fanum

203 1809 311 1884 putatis
332 1808 362 1865 in
384 1809 440 1866 illis
461 1809 545 1866 terris
564 1809 668 1866 nostris
685 1809 900 1886 magistratibus
918 1810 1094 1886 religiosum,
1108 1828 1194 1885 quam
1284 1848 1291 1859 -

205 1887 352 1944 civitatem
378 1897 519 1958 sanctam,
542 1906 630 1963 quam
653 1888 770 1945 domum
797 1889 867 1945 satis
891 1887 1019 1945 clausam
1044 1908 1079 1946 ac
1103 1888 1196 1945 muni·
1283 1948 1290 1955 ,

152 1972 189 2026 20
205 1976 265 2023 tam
292 1966 401 2024 fuisset
442 1966 536 2024 Urbes
566 1967 627 2042 jam
653 1967 810 2043 locupletes
837 1986 873 2024 ac
900 1967 1020 2042 copiose
1047 1968 1196 2042 requirun-

205 2055 262 2116 tur,
282 2045 387 2120 quibus
411 2064 500 2102 causa
523 2045 602 2118 belli,
623 2056 736 2122 propter
757 2045 912 2122 diripiendi
935 2045 1132 2122 cupiditatem,
1154 2046 1196 2102 in-

207 2123 322 2181 seratur.
364 2123 502 2181 Libenter
524 2124 588 2182 haec
610 2123 708 2182 coram
730 2144 798 2182 cum
818 2124 860 2186 Q.
881 2124 987 2182 Catulo
1007 2134 1036 2181 et
1059 2125 1099 2186 Q.
1121 2125 1196 2182 Hor-

206 2203 299 2260 tensio
322 2203 507 2278 disputarem,
529 2203 706 2260 summis'et
732 2202 900 2261 clarissimis
927 2202 1003 2259 viris.
1044 2202 1196 2261 Noverunt

206 2282 285 2339 enim
307 2282 449 2339 sociorum
472 2281 609 2339 vulnera:
637 2282 736 2339 vident
758 2301 858 2340 eorum
881 2281 1080 2340 calamitates:
1103 2277 1198 2356 queri?

153 2367 190 2422 25
207 2361 318 2419 monias
345 2360 474 2418 audiunt.
515 2361 572 2419 Pro
598 2361 685 2418 sociis
711 2380 761 2418 vos
788 2370 888 2418 contra
915 2361 1010 2417 hostes
1037 2361 1194 2418 exercitum

206 2441 320 2497 mittere
339 2441 456 2516 putatis,
471 2459 518 2511 an,
533 2440 657 2498 hostium
676 2439 868 2510 simulatione,
883 2449 984 2496 contra
1001 2439 1094 2496 socios
1113 2450 1197 2514 atque

208 2520 338 2577 amicost
377 2518 455 2580 Quae
474 2520 576 2577 civitas
597 2529 641 2576 est
662 2519 692 2575 in
713 2518 796 2589 Asia,
810 2538 874 2594 quae
893 2537 951 2575 non
972 2515 1056 2575 modd
1078 2517 1198 2594 impera·

206 2599 276 2655 toris
290 2608 339 2654 aut
352 2597 451 2674 legati,
465 2599 516 2655 sed
530 2599 617 2655 unius
630 2597 739 2654 tribuni
753 2598 888 2669 militum,
903 2597 1013 2654 animos
1028 2615 1063 2654 ac
1081 2598 1196 2673 spiritus

208 2696 311 2752 capere
324 2678 432 2752 possiet
1062 2692 1068 2699 ·

154 2759 191 2815 30
247 2754 368 2811 XXIII.
398 2754 511 2826 Quare,
526 2754 614 2812 etiam
632 2754 743 2829 siquem
761 2754 883 2825 habetis,
897 2753 957 2829 qui,
972 2753 1083 2811 collatis
1097 2753 1196 2830 signis,

208 2833 352 2891 exercitus
375 2834 470 2910 regios
492 2852 627 2909 superare
649 2853 732 2909 posse
755 2834 901 2902 videatur;
932 2843 1040 2903 tamen,
1064 2833 1120 2889 nisi
1143 2833 1198 2889 erit

208 2912 296 2982 idem,
310 2912 359 2987 qui
379 2931 410 2969 se
432 2931 449 2968 a
467 2912 599 2988 pecuniis
617 2911 770 2982 sociorum,
784 2912 833 2986 qui
854 2912 890 2968 ab
910 2930 1009 2968 eorum
1028 2911 1198 2987 conjugibus

210 3009 245 3048 ac
264 2991 373 3062 liberis,
387 2991 436 3066 qui
457 2992 493 3048 ab
512 2990 689 3048 ornamentis
707 2991 838 3048 sanorum
859 3001 943 3065 atque
957 2991 1134 3065 oppidorum,
1148 3008 1198 3064 qm

210 3071 246 3126 ab
271 3088 340 3128 auro
363 3071 494 3147 gazaque
518 3068 609 3146 regii,
633 3088 746 3140 manus,
768 3070 877 3141 oculos,
900 3069 1038 3139 animum,
1063 3068 1198 3125 cohibere

156 3160 193 3215 35
209 3149 312 3225 possit;
333 3169 391 3207 non
411 3150 466 3206 erit
486 3149 615 3220 idoneus,
630 3148 679 3224 qui
700 3149 737 3219 ad
756 3148 864 3205 bellum
888 3147 1051 3205 Asiaticum
1075 3146 1199 3222 regium·

209 3247 265 3304 que
292 3229 430 3285 mittatur.
471 3227 602 3302 Ecquam
629 3227 736 3303 putatis
763 3227 909 3284 civitatem
935 3235 1069 3301 pacatam
1098 3224 1197 3295 fuisse,

210 3325 274 3382 quae
288 3307 415 3382 locuples
435 3307 492 3363 sitt
519 3325 642 3381 ecquam
663 3325 726 3363 esse
746 3304 928 3380 locupletem,
943 3323 1006 3378 quae
1021 3303 1083 3360 istis
1095 3313 1199 3379 pacata

210 3405 273 3444 esse
287 3386 437 3444 videaturl
472 3385 534 3442 Ora
552 3385 706 3455 maritima,
719 3384 863 3454 Quirites,
878 3385 932 3441 Cn.
948 3382 1126 3457 Pompeium,
1141 3401 1199 3439 non

210 3462 303 3522 soldrn
322 3474 434 3542 propter
454 3465 496 3523 rei
516 3464 649 3521 militaris
668 3464 799 3540 gloriam,
814 3462 966 3520 sedetiam
983 3471 1096 3536 propter
1111 3460 1198 3518 animi

158 3554 195 3609 40
211 3544 429 3615 continentiam,
444 3543 599 3619 requisivit.
640 3543 768 3600 Videbat
787 3541 865 3598 enim
878 3540 1014 3617 populum
1033 3539 1199 3597 Romanum

211 3642 269 3680 non
289 3621 456 3699 locupletari
476 3622 629 3698 quotannis
651 3620 777 3697 pecuniis
791 3620 926 3695 publici,
950 3627 1053 3694 praeter
1075 3636 1199 3694 pauc0s3

212 3720 305 3774 neque
319 3721 371 3759 nos
384 3701 539 3776 quidquam
561 3700 639 3757 aliud
660 3700 772 3774 assequi
793 3699 928 3756 classium
947 3697 1074 3765 nomine,
1089 3696 1144 3752 nisi
1159 3705 1200 3766 ut,

213 3780 392 3837 detrimentis
414 3779 600 3854 accipiendis,
614 3778 721 3854 majore
743 3778 818 3835 affici
838 3776 1015 3853 turpitudine
1029 3774 1200 3830 videremur.

213 3857 313 3929 Nunc,
327 3859 384 3933 qua
398 3858 555 3934 cupiditate
569 3858 699 3915 homines
713 3857 742 3913 in
762 3856 935 3932 provincias,
950 3853 1054 3928 quibus
1069 3852 1201 3928 jacturis,
