2702 4464
393 366 529 417 ORATIO
551 366 622 416 PRO
644 362 742 417 Luca
764 365 930 417 MANlLIA.
1160 367 1202 427 45

90 533 94 540 ¹
164 529 264 587 regno,
284 519 368 585 atque
388 509 418 567 in
438 509 538 568 vestris
557 509 757 586 vectigalibus,
778 510 834 567 hoc
853 518 907 580 est,
928 507 959 566 in
973 508 1052 566 Asiae
1072 507 1148 580 luce,

164 589 279 647 versari.
320 588 436 646 Etenim
451 590 546 645 adhuc
560 588 600 645 ita
613 588 700 645 vestri
714 607 781 644 curn
795 588 844 645 illo
857 606 926 664 rege
940 587 1149 645 contenderunt

164 665 356 742 imperatores,
371 676 403 722 ut
417 668 453 723 ab
466 666 515 724 illo
528 666 654 742 iusignia
666 666 802 736 victoriae,
813 686 870 724 nou
884 665 1042 735 victoriam,
1056 684 1150 740 repor-

163 753 265 801 tarent.
305 744 487 819 Trimphavit
514 744 548 801 L.
571 745 663 814 Sulla,
682 744 867 820 triumphavit
896 744 930 800 L.
957 742 1083 800 Murena
1113 744 1149 800 de

163 820 343 894 Mithridate,
357 823 415 880 duo
428 822 573 880 fortissimi
586 822 650 892 viri,
664 831 693 879 et
705 823 810 878 summi
823 823 1023 898 imperatores:
1044 821 1096 878 sed
1109 821 1151 878 ita
1183 824 1202 878 5

162 900 384 976 triumpharunt,
398 910 431 957 ut
450 901 499 957 ille
518 900 617 975 pulsus
636 909 841 975 superatusque
855 909 996 976 regnaret.
1032 899 1151 957 verun-

162 987 259 1036 tamen
280 979 337 1036 illis
356 979 574 1054 imperatoribus
593 979 657 1034 laus
677 987 720 1034 est
739 978 901 1048 tribuenda,
915 976 992 1052 qubd
1012 986 1149 1054 egerunt;

162 1056 249 1113 venia
268 1057 374 1126 danda,
388 1055 466 1132 qubd
485 1056 679 1130 reliquerunt3
700 1064 848 1131 propterea
867 1053 945 1131 quaid
965 1056 1002 1112 ab
1021 1075 1057 1112 eo
1075 1056 1151 1113 bello

163 1134 277 1191 Sullam
290 1135 321 1191 in
336 1133 452 1191 Italiam
464 1134 636 1210 respublica,
651 1132 806 1190 Murenam
821 1134 912 1204 Sulla,
926 1133 1077 1191 revocavit.

203 1211 256 1270 IV.
299 1210 484 1269 Mithridates
511 1221 607 1268 autem
626 1230 711 1269 omne
731 1212 873 1286 reliquum
892 1220 1015 1286 tempus,
1035 1231 1092 1268 nou
1114 1211 1151 1268 ad
1168 1209 1201 1263 lu

162 1290 334 1347 oblivionem
345 1290 449 1347 veteris
462 1290 540 1360 belli,
555 1290 606 1346 sed
621 1290 657 1346 ad
671 1289 912 1364 comparationem
925 1289 1000 1359 novi,
1012 1288 1150 1346 contulit:

162 1368 212 1442 qui
225 1377 409 1443 posteaquam
423 1368 563 1424 maximas
576 1367 747 1425 aedificasset
759 1366 944 1441 ornassetque
958 1366 1082 1436 classes;
1104 1385 1152 1423 ex·

163 1446 326 1520 ercitusque
352 1465 532 1522 permagnos,
553 1446 772 1520 quibuscunque
792 1445 983 1520 exgentibus
1002 1445 1149 1520 potuisset,

163 1524 366 1599 comparasset,
382 1533 412 1580 et
431 1543 462 1580 sc
483 1524 663 1598 Bosporanis,
678 1523 808 1580 finitimis
827 1523 896 1593 suis,
917 1522 1024 1579 bellurn
1045 1522 1150 1580 inferre

163 1601 341 1672 simulassem
363 1620 453 1676 usque
474 1602 505 1659 in
525 1601 697 1676 Hispaniam
717 1601 826 1677 legatos
846 1600 1005 1658 Ecbatanis
1022 1600 1100 1657 misit
1114 1600 1150 1657 ad
1168 1593 1202 1647 15

163 1698 212 1737 eos
226 1680 325 1750 duces,
339 1680 512 1755 quibuscum
532 1689 594 1736 tum
614 1679 721 1736 bellum
735 1679 923 1755 gerebamus:
944 1687 986 1750 ut,
1000 1676 1068 1736 clun
1082 1679 1151 1736 duo·

163 1758 218 1814 bus
237 1758 268 1814 in
287 1758 359 1815 locis
382 1757 614 1832 disjunctissimie
644 1755 825 1831 maximeque
856 1756 985 1827 diversis,
1005 1774 1064 1814 uno
1084 1775 1151 1814 con·

162 1835 237 1906 silio,
253 1836 360 1893 abinis
373 1837 497 1893 hostium
518 1835 607 1911 copiis
627 1835 735 1891 bellum
754 1834 831 1892 terra
850 1835 979 1909 marique
993 1844 1148 1911 gereretur,

164 1931 223 1983 vos,
238 1914 355 1988 ancipiti
369 1913 553 1971 contentione
567 1913 699 1983 districti,
714 1913 750 1970 de
764 1912 883 1988 imperio
896 1913 1080 1971 dimicaretis.

205 1992 263 2048 Sed
276 2001 372 2048 tamen
388 1992 503 2049 alterius
516 1992 604 2067 partis
617 1991 787 2066 periculum,
799 1991 970 2049 Sertorianae
985 2000 1069 2066 atque
1083 1991 1151 2049 His·
1166 1996 1203 2053 20

164 2069 320 2144 paniensis,
340 2089 403 2143 quae
423 2069 514 2127 multb
534 2071 598 2144 plus
625 2069 797 2127 firmamenti
824 2087 860 2126 ac
885 2069 995 2126 roboris
1014 2069 1149 2142 habebat,

165 2148 220 2204 Cn.
242 2147 370 2223 Pompeii
390 2148 487 2205 divino
513 2147 633 2205 oonsilio
653 2166 689 2204 ac
709 2146 849 2224 singulari
868 2147 973 2204 virtute
999 2147 1150 2222 depulsum

137 2239 144 2252 ¹
165 2234 227 2282 est:
254 2225 285 2282 iu
306 2225 395 2282 alters
414 2235 494 2301 parte
514 2226 555 2283 ita
574 2245 620 2283 res
641 2243 658 2282 a
677 2224 711 2282 L.
732 2225 865 2296 Lucullo,
886 2243 998 2282 summo
1017 2226 1086 2296 viro,
1107 2235 1151 2282 est

166 2302 373 2372 administrata,
388 2314 419 2360 ut
433 2303 515 2360 initia
529 2304 577 2360 illa
590 2312 735 2379 gestarum
749 2322 845 2360 rerum
858 2321 964 2379 magna
985 2312 1069 2378 atque
1082 2323 1151 2379 prn-

166 2380 255 2456 clara,
276 2400 334 2437 non
354 2381 484 2437 felicitati
504 2381 575 2456 ejus,
596 2382 647 2439 sed
667 2381 764 2438 virtuti
775 2401 783 2450 ;
810 2382 874 2438 haec
895 2389 991 2437 autem
1011 2390 1148 2451 extrema,
1167 2386 1203 2440 25

165 2476 229 2532 quae
250 2477 340 2533 nuper
368 2459 544 2529 acciderunt,
565 2479 622 2517 non
649 2460 751 2534 culpae,
772 2459 823 2515 sed
844 2459 974 2527 lcrtunae,
997 2458 1151 2515 tribuenda

165 2555 229 2592 esse
243 2536 402 2592 videantur.
444 2536 502 2592 Sed
523 2538 558 2593 dc
578 2537 701 2595 Lucullo
721 2537 817 2593 dicam
838 2536 894 2593 alio
911 2536 992 2604 loco;
1013 2545 1042 2592 et
1056 2535 1096 2592 ita
1109 2536 1150 2593 di·

165 2632 241 2684 cam,
255 2613 397 2683 Quirites,
412 2624 444 2670 ut
456 2633 548 2689 neque
562 2633 629 2672 vera
642 2615 705 2672 laus
718 2615 746 2671 ei
760 2615 890 2671 detracta
902 2608 1030 2672 oratione
1043 2614 1149 2686 nostra,

164 2711 259 2767 neque
273 2692 345 2748 falsa
359 2692 463 2762 afficta,
475 2711 538 2749 esse
552 2693 690 2750 videatur.
732 2692 778 2749 De
787 2692 873 2750 vestri
888 2692 999 2768 imperii
1010 2692 1149 2769 dignitate

165 2779 250 2844 atque
270 2769 371 2845 gloria,
391 2771 526 2844 quoniam
547 2771 572 2827 is
592 2779 636 2827 est
655 2789 771 2828 exorsus
790 2770 926 2829 orationis
945 2789 1027 2842 meae,
1045 2771 1149 2843 videte,
1166 2779 1202 2835 30

162 2866 249 2922 quem
262 2848 342 2905 vobis
356 2849 482 2905 animum
498 2848 712 2924 suscipiendum
724 2849 838 2924 putetis.

204 2925 241 2982 V.
269 2924 396 3000 Majores
416 2927 502 2983 vestri
523 2945 607 3002 saepe,
628 2927 835 2984 mercatoribus
854 2945 888 2985 ac
904 2926 1088 2985 naviculariis
1108 2927 1151 2984 in·

161 3001 298 3078 juriosiirs
318 3004 457 3074 tractatis,
478 3004 555 3061 bella
581 3014 749 3079 gesserunt:
776 3024 835 3075 vos,
855 3014 896 3064 tot
916 3005 1023 3063 civium
1043 3005 1150 3062 Roma·

163 3100 266 3138 norum
286 3082 422 3152 millibus,
435 3101 494 3139 uno
513 3083 616 3139 nuntio
636 3091 720 3157 atque
739 3100 798 3140 uno
810 3092 945 3159 tempore,
959 3083 1080 3152 necatis,
1094 3101 1151 3157 quo

163 3159 281 3215 taudem
302 3160 397 3217 animo
410 3179 474 3216 esse
487 3159 619 3216 debetisl
652 3160 755 3236 Legati
772 3159 849 3236 quod
863 3171 945 3219 erant
959 3160 1091 3236 appellati
1105 3180 1151 3216 su·
1166 3160 1202 3214 35

162 3235 290 3312 perbiirs,
311 3237 483 3295 Corinthum
502 3246 598 3313 patres
617 3239 713 3309 vestri,
733 3239 820 3296 totius
840 3239 961 3296 Graecia
981 3239 1089 3308 lumen,
1104 3257 1151 3294 cx·

164 3315 301 3371 stinctum
322 3335 385 3373 esse
405 3316 571 3373 voluerunt:
592 3335 641 3373 vos
654 3336 721 3373 eum
738 3335 837 3393 regem
850 3317 973 3374 inultum
987 3335 1050 3373 esse
1063 3317 1151 3390 patie-

163 3392 246 3462 mini,
266 3393 469 3470 quilegatum
488 3393 585 3469 populi
606 3394 739 3452 «Romani
760 3394 950 3464 consularem,
971 3393 1094 3450 vinculis
1115 3411 1151 3450 ac

164 3470 331 3527 verberibus
351 3481 436 3546 atque
455 3471 534 3529 omni
554 3472 693 3547 supplicio
712 3473 920 3543 excruciatum,
940 3470 1075 3529 necavitl
1102 3470 1150 3528 Illi

164 3547 326 3604 libertatem
340 3549 449 3609 civium
460 3549 658 3608 Romanorum
672 3551 853 3607 imminutam
866 3569 923 3608 non
936 3549 1081 3606 tulerunt:
1102 3568 1151 3607 vos
1167 3551 1202 3605 40

165 3625 253 3682 vitam
267 3636 393 3701 ereptam
406 3627 579 3703 negligetisl
607 3628 626 3684 J
628 3647 662 3685 us
675 3629 836 3704 legationis,
850 3628 936 3684 verbo
948 3626 1094 3697 violatum,
1109 3628 1151 3685 illi
1208 3688 1210 3691 ,

163 3704 308 3778 persecuti
328 3714 411 3762 sunt:
432 3724 481 3762 vos
494 3706 631 3782 legatum,
644 3707 723 3764 omni
743 3706 882 3781 supplicio
901 3705 1094 3776 intersectum,
1108 3726 1152 3764 re-

163 3781 320 3859 linquetisl
359 3783 476 3857 Videte,
496 3803 544 3857 ne,
565 3793 598 3843 ut
624 3785 681 3843 illis
699 3783 924 3864 pulcherrimum
951 3783 1015 3857 fuit,
1042 3795 1152 3843 tautam
