2658 4468
163 373 221 435 148
476 370 612 421 ORATIO
634 370 672 420 IN
691 369 730 419 Μ.
746 369 948 419 nardulum.

209 531 289 571 musr
309 511 378 588 quid
391 511 469 569 enim
483 522 528 569 est
541 513 619 570 aliud
641 512 806 570 Antoniusl
845 511 935 581 Nam,
949 510 974 568 ai
994 511 1121 588 dignitas
1141 511 1203 590 sig.

209 591 376 648 nificaretur
400 590 430 646 in
452 590 579 660 nomine,
594 590 713 647 dixisset
727 589 850 668 ⁴(credo)
867 590 1020 664 aliquando
1042 609 1121 647 arus*
1132 600 1204 648 tuus
1304 638 1305 647 ,

208 687 241 727 ac
255 675 313 725 “et
325 668 473 726 consulem
493 678 523 725 et
543 668 733 725 Antonium.”
774 667 931 743 Nunquam
946 668 1027 726 dixin
1069 667 1203 725 Dirisset

208 747 296 803 etiam
310 746 422 823 collega
442 764 533 817 meus,
546 757 665 822 patruus
677 757 761 803 tuus:
783 746 839 804 nisi
853 758 883 803 tu
897 746 975 804 solus
994 765 1026 802 es
1039 746 1201 803 Antonius.

175 824 269 881 saed
287 824 389 881 omitto
408 843 444 882 ea
462 834 593 900 peccata,
614 843 678 899 qum
700 843 759 882 non
779 834 847 881 sunt
865 843 965 882 earum
984 824 1108 899 partium
1135 844 1204 899 pro·

208 903 280 979 pria,
293 903 398 977 quibus
417 912 448 960 tu
467 903 676 978 rempublicam
686 902 850 959 rexavistiz
871 902 906 959 ad
923 902 999 978 ipsas
1018 911 1082 958 tuas
1100 911 1202 976 partes

208 981 305 1051 redeo,
320 981 416 1052 idest,
431 979 468 1037 ad
482 981 566 1038 civile
587 981 713 1051 bellum;
733 981 809 1056 quod
829 990 940 1052 natum,
955 978 1122 1052 conflatum,
1137 999 1202 1037 sus·

209 1070 335 1135 ceptum,
349 1058 437 1136 operi
449 1058 500 1115 turi
513 1070 566 1116 est.
718 1111 719 1114 ,

248 1137 367 1194 XXIX.
408 1137 470 1195 Gur
496 1137 522 1193 ei
550 1136 625 1194 bello
653 1133 729 1212 [tum
754 1147 869 1212 propter
895 1135 1076 1211 timiditatem
1103 1145 1197 1208 tuam,

160 1217 195 1271 ld
209 1225 270 1273 tum
290 1225 404 1290 propter
425 1215 584 1294 libidines]
607 1214 744 1272 defuistil
784 1214 924 1272 Gustdras
945 1213 1060 1270 civilem
1080 1214 1199 1290 sangui·

209 1312 286 1359 nem,
301 1293 345 1349 vel
359 1290 454 1368 potius
467 1293 673 1353 exsorbueras:
695 1292 790 1350 fueras
803 1293 833 1349 in
848 1293 911 1349 acie
931 1292 1099 1349 Pharsalici
1116 1303 1198 1348 ante·

209 1371 366 1446 signanus:
387 1370 422 1428 L
436 1370 606 1440 Domitium,
620 1370 830 1428 nobilissimum
843 1380 873 1428 et
886 1369 1078 1428 clarissimum
1092 1370 1197 1441 virum,

208 1449 375 1506 occideras:
396 1449 510 1519 multos,
524 1448 574 1524 qui
594 1449 630 1505 de
650 1449 750 1523 proelio
769 1449 940 1525 effingerent,
954 1468 1026 1524 quos
1039 1448 1149 1518 Caesar,
1165 1457 1199 1506 ut

209 1527 372 1597 nonnullos,
394 1527 513 1585 fortasse
533 1526 684 1598 servisset,
698 1526 896 1584 crudelissime
919 1536 1088 1603 persecutus
1108 1526 1199 1584 truci·

160 1604 194 1659 ld
208 1605 302 1664 dtrss
343 1606 461 1668 Quibus
474 1606 559 1663 rebus
572 1605 669 1675 tantis,
683 1605 798 1676 talibus,
812 1605 910 1682 gestis,
924 1605 992 1680 quid
1014 1604 1068 1663 fuit
1089 1623 1197 1677 causa,

208 1703 261 1742 cur
288 1684 318 1741 in
344 1684 475 1742 Africam
496 1684 641 1741 Cursarem
668 1703 726 1740 non
754 1702 915 1758 sequerere,
942 1681 1010 1741 ciam
1037 1684 1198 1759 prasertim

208 1762 277 1820 belli
291 1780 357 1838 pars
376 1772 457 1821 tanta
476 1763 618 1820 restaretl
659 1761 772 1837 Itaque,
787 1781 872 1837 quem
892 1763 989 1819 locum
1010 1762 1086 1837 apud
1101 1762 1196 1837 ipsum

208 1839 364 1910 Caesarem,
378 1850 442 1915 post
461 1840 525 1916 ejus
545 1859 582 1898 er
603 1839 705 1897 Africa
725 1840 859 1910 reditum,
873 1840 1045 1898 obtinuistil
1066 1860 1123 1915 quo
1144 1860 1198 1898 nu-

207 1936 288 1975 rnero
301 1918 400 1976 fuisit
440 1918 532 1994 Cujus
545 1929 577 1975 tu
597 1918 775 1994 imperatoris
788 1928 910 1993 quaestor
924 1918 1032 1989 fueras,
1047 1918 1196 1976 dictatoria

157 2004 194 2059 w
209 1996 343 2085 magister
362 1995 500 2072 equitum,
519 1997 587 2054 belli
606 1996 749 2073 princeps,
764 1997 942 2055 crudelitatis
966 2007 1076 2065 auctor,
1090 1998 1197 2072 praedra

207 2092 313 2146 socrus,
335 2085 507 2133 testamento
528 2073 575 2152 (ut
595 2075 656 2151 ipse
676 2075 808 2154 dicebas)
822 2075 909 2146 filius,
924 2075 1082 2151 appellatus
1105 2094 1138 2131 es
1159 2076 1197 2132 ds

206 2152 342 2228 munii,
355 2172 441 2229 quam
454 2173 506 2229 pro
519 2154 613 2225 domo,
627 2172 679 2230 pro
692 2153 791 2224 hortis,
805 2172 857 2229 pro
869 2154 1009 2223 sectione,
1023 2153 1161 2210 debebas.

246 2230 344 2289 Primd
368 2231 541 2307 respondisti
565 2231 652 2308 plane
674 2232 824 2291 ferociter:
858 2243 888 2290 et
909 2231 961 2309 (ne
980 2231 1078 2289 omnia
1098 2231 1215 2299 videar¹

211 2320 312 2367 contra
334 2311 377 2389 te)
399 2311 604 2387 propemodum
618 2328 700 2385 equa
718 2319 748 2368 et
778 2311 851 2367 'usta
871 2311 997 2368 dicebas.
1039 2310 1068 2368 A
1089 2329 1137 2367 me
1158 2309 1193 2367 Ο.

156 2392 193 2449 to
211 2387 309 2447 Cesar
332 2389 507 2465 pecuniaml
537 2408 590 2447 cur
613 2385 719 2464 potius,
732 2331 819 2463 qudm
833 2408 888 2465 ego
902 2389 939 2445 ab
962 2389 1031 2446 iltot
1071 2388 1121 2446 An
1147 2388 1195 2446 ille

210 2466 274 2524 sine
295 2485 342 2525 me
363 2468 454 2526 ricitl
475 2478 505 2525 at
525 2486 563 2525 ne
588 2467 680 2543 potuit
702 2467 827 2542 quidem.
868 2467 932 2543 Ego
959 2467 995 2524 ad
1018 2466 1100 2523 illum
1127 2467 1195 2524 belli

210 2545 303 2603 civilis
333 2565 452 2604 causam
479 2546 572 2604 attuli:
602 2565 657 2622 ego
683 2545 763 2621 leges
789 2545 965 2620 perniciosas
989 2546 1106 2620 rogari:
1140 2564 1195 2621 ego

211 2642 291 2680 arma
304 2635 406 2681 contra
418 2626 551 2682 consules
569 2625 810 2699 imperatoresque
823 2623 919 2699 populi
941 2623 1078 2694 Romani,
1094 2634 1195 2681 contra

210 2712 341 2758 senatum
361 2702 553 2778 populumque
575 2702 752 2774 Romanum,
767 2713 868 2760 contra
888 2701 966 2758 Deos
988 2701 1105 2776 patrios,
1121 2720 1195 2758 aras-

157 2793 193 2849 30
210 2797 266 2854 que
292 2788 322 2835 et
348 2780 436 2845 focos,
452 2790 553 2837 contra
578 2781 712 2855 patriam,
732 2781 794 2838 tuli.
835 2780 916 2837 Num
942 2779 997 2836 sibi
1024 2779 1077 2836 soli
1104 2779 1195 2837 vicitl

208 2856 342 2918 Quorum
367 2856 480 2914 facinus
501 2868 545 2915 est
568 2877 731 2930 commune,
747 2878 799 2916 cur
826 2878 882 2916 nou
910 2858 947 2915 sit
973 2876 1073 2915 eorum
1099 2858 1196 2932 preda

210 2934 392 2993 communisl
432 2934 487 2992 Jus
509 2936 692 3012 postulabas:
713 2938 765 2993 sed
788 2936 856 3012 quid
885 2936 920 2993 ad
947 2937 1029 2993 reml
1056 2935 1121 3012 plus
1147 2936 1195 2993 ille

208 3021 328 3088 poterat.

249 3089 360 3166 Itaque,
374 3091 503 3149 excussis
516 3091 573 3149 tuis
586 3092 715 3164 vocibus,
729 3102 760 3150 et
783 3093 819 3150 ad
840 3101 869 3149 te
886 3102 916 3150 et
941 3093 976 3150 ad
995 3091 1108 3168 praedes
1120 3100 1193 3164 tuos,

157 3181 192 3237 35
210 3169 315 3227 milites
329 3170 406 3229 misit
418 3190 425 3240 ;
446 3167 525 3241 cum,
539 3170 691 3245 repentes
703 3181 732 3228 te
744 3171 883 3246 praeclara
897 3170 947 3228 illa
959 3170 1060 3229 tabulis
1073 3170 1193 3246 prolata,

209 3247 258 3324 qui
277 3248 352 3306 risus
372 3247 537 3307 hominurn!
565 3259 676 3306 tantam
689 3268 752 3306 esse
766 3250 908 3307 tabulam!
936 3259 996 3306 tam
1016 3250 1120 3319 varias,
1135 3257 1194 3306 tam

209 3327 315 3385 multas
335 3327 538 3404 possessiones,
552 3346 589 3384 ex
609 3329 713 3404 quibus
733 3338 836 3404 praeter
858 3337 968 3403 partem
990 3327 1109 3397 Miseni,
1123 3326 1193 3384 nihil

209 3416 281 3477 erat,
294 3407 370 3482 quod
384 3406 419 3476 is,
432 3406 481 3481 qui
496 3406 718 3477 auctionaretur,
732 3415 828 3481 posset
841 3425 925 3463 suurn
939 3406 1045 3462 dicere.
1075 3405 1195 3462 Auctio·

209 3485 256 3542 nis
276 3484 342 3544 vsrd
363 3484 534 3542 miserabilis
555 3486 725 3561 adspectus:
756 3484 843 3541 vestis
863 3483 994 3560 Pompeii
1014 3503 1072 3541 non
1094 3483 1192 3553 multa,

156 3572 193 3627 4⁰
210 3580 300 3636 eaque
322 3564 488 3633 maculosa3
521 3563 652 3639 ejusdem
671 3562 803 3638 quaedam
824 3571 961 3638 argentea
981 3580 1050 3618 vasa
1077 3556 1192 3630 collisa3

209 3640 324 3695 sordida
337 3641 501 3715 mancipia3
523 3652 555 3699 ut
575 3642 736 3699 doleremus
748 3640 903 3716 quidquam
916 3658 982 3698 esse
995 3658 1032 3697 ex
1052 3639 1109 3697 illis
1132 3639 1195 3697 reli·

209 3716 293 3790 quiis,
308 3718 383 3790 quod
397 3718 492 3775 videre
507 3738 663 3795 possemus.

250 3793 338 3850 Hanc
357 3805 455 3852 tamon
477 3797 640 3854 auctionem
661 3797 789 3854 heredes
809 3795 843 3853 L.
863 3795 980 3868 Rubrii,
994 3795 1113 3853 decreto
1133 3794 1194 3852 Oa·

210 3870 292 3941 saris,
305 3873 520 3946 prolubuorunt.
562 3873 700 3930 Haerebat
720 3874 844 3933 nebulo:
865 3873 923 3950 qud
937 3893 970 3933 so
983 3883 1117 3947 verteret,
1137 3891 1195 3932 non

153 4090 172 4120 0
